{"type": "orderbook", "ts": "2026-06-02T19:07:42.477171+00:00", "snapshot_idx": 1, "exchange": "binance", "coin": "USDT", "market": "USDC/USDT", "depth_levels": 20, "best_bid": 1.00114, "best_ask": 1.00115, "bid_depth_units": 31451749.0, "ask_depth_units": 9960980.0, "bid_vwap": 1.0010536258733973, "ask_vwap": 1.001172636831918, "imbalance": 0.759471, "slippage_bps": {"sell_1000": 0.0, "buy_1000": 0.0, "sell_5000": 0.0, "buy_5000": 0.0, "sell_10000": 0.0, "buy_10000": 0.0, "sell_50000": 0.0, "buy_50000": 0.0}, "bids_raw": [[1.00114, 2915170.0], [1.00113, 788271.0], [1.00112, 1454601.0], [1.00111, 859988.0], [1.0011, 247827.0], [1.00109, 1334426.0], [1.00108, 1227448.0], [1.00107, 2072582.0], [1.00106, 5207817.0], [1.00105, 2060264.0], [1.00104, 375063.0], [1.00103, 271031.0], [1.00102, 4019301.0], [1.00101, 707233.0], [1.001, 7688559.0], [1.00099, 8561.0], [1.00098, 113292.0], [1.00097, 311.0], [1.00096, 702.0], [1.00095, 99302.0]], "asks_raw": [[1.00115, 476339.0], [1.00116, 5068725.0], [1.00117, 1190468.0], [1.00118, 1175246.0], [1.00119, 398545.0], [1.0012, 1403930.0], [1.00121, 355.0], [1.00122, 20010.0], [1.00123, 9255.0], [1.00124, 15993.0], [1.00125, 16208.0], [1.00126, 41.0], [1.00127, 110033.0], [1.00128, 8499.0], [1.00129, 20041.0], [1.0013, 32032.0], [1.00131, 15051.0], [1.00132, 51.0], [1.00133, 56.0], [1.00134, 102.0]]}
{"type": "orderbook", "ts": "2026-06-02T19:07:42.477171+00:00", "snapshot_idx": 1, "exchange": "kraken", "coin": "USDT", "market": "USDT/USD", "error": "too many values to unpack (expected 2)"}
{"type": "orderbook", "ts": "2026-06-02T19:07:42.477171+00:00", "snapshot_idx": 1, "exchange": "kucoin", "coin": "USDT", "market": "USDT/USDC", "depth_levels": 20, "best_bid": 0.9987, "best_ask": 0.9988, "bid_depth_units": 355454.8056, "ask_depth_units": 536889.98, "bid_vwap": 0.9980230201949984, "ask_vwap": 0.9994600053888136, "imbalance": 0.398338, "slippage_bps": {"sell_1000": 0.0, "buy_1000": 0.0, "sell_5000": 0.0, "buy_5000": 0.0, "sell_10000": 0.0, "buy_10000": 0.0, "sell_50000": 0.0, "buy_50000": 0.0}, "bids_raw": [[0.9987, 240787.2056], [0.9986, 17720.34], [0.9985, 11175.09], [0.9984, 3072.0], [0.9983, 7785.6], [0.9982, 4587.04], [0.9979, 7395.0], [0.9977, 1756.18], [0.9976, 9614.0], [0.9974, 7395.0], [0.9972, 11833.0], [0.997, 11833.0], [0.996, 0.11], [0.994, 98.69], [0.9929, 2515.35], [0.9913, 480.0], [0.9904, 6226.82], [0.9903, 10635.43], [0.9901, 23.6], [0.9896, 521.35]], "asks_raw": [[0.9988, 64312.18], [0.9989, 24409.75], [0.999, 245012.37], [0.9991, 7125.0], [0.9992, 10875.32], [0.9993, 2446.0], [0.9994, 3165.0], [0.9996, 1494.45], [0.9997, 33700.64], [1.0, 9375.0], [1.0001, 62190.07], [1.0006, 521.79], [1.0007, 11250.0], [1.0009, 28713.8], [1.001, 7500.0], [1.0013, 11250.0], [1.0017, 12816.0], [1.0022, 0.11], [1.0056, 252.5], [1.0062, 480.0]]}
{"type": "orderbook", "ts": "2026-06-02T19:07:42.477171+00:00", "snapshot_idx": 1, "exchange": "bybit", "coin": "USDT", "market": "USDC/USDT", "depth_levels": 20, "best_bid": 1.0011, "best_ask": 1.0012, "bid_depth_units": 29427904.55, "ask_depth_units": 19167132.27, "bid_vwap": 1.0009253151047413, "ask_vwap": 1.0013373491857789, "imbalance": 0.605574, "slippage_bps": {"sell_1000": 0.0, "buy_1000": 0.0, "sell_5000": 0.0, "buy_5000": 0.0, "sell_10000": 0.0, "buy_10000": 0.0, "sell_50000": 0.0, "buy_50000": 0.0}, "bids_raw": [[1.0011, 7822083.05], [1.001, 15291730.31], [1.0009, 2363330.88], [1.0008, 95588.88], [1.0007, 1067564.4], [1.0006, 160215.83], [1.0005, 1021360.93], [1.0004, 92305.94], [1.0003, 21894.22], [1.0002, 147204.11], [1.0001, 34189.59], [1.0, 562970.84], [0.9999, 101134.87], [0.9998, 28670.91], [0.9997, 36534.84], [0.9996, 403096.32], [0.9995, 65688.64], [0.9994, 37796.44], [0.9993, 33422.27], [0.9992, 41121.28]], "asks_raw": [[1.0012, 7013698.72], [1.0013, 4225413.68], [1.0014, 5023116.42], [1.0015, 1537123.47], [1.0016, 521941.66], [1.0017, 635750.13], [1.0018, 27921.82], [1.0019, 58141.57], [1.002, 31717.71], [1.0021, 10916.92], [1.0022, 5149.64], [1.0023, 2503.0], [1.0024, 3.0], [1.0025, 27003.0], [1.0026, 976.73], [1.0027, 3.0], [1.0028, 5003.0], [1.0029, 7503.0], [1.003, 33242.8], [1.0031, 3.0]]}
{"type": "orderbook", "ts": "2026-06-02T19:07:42.477171+00:00", "snapshot_idx": 1, "exchange": "okx", "coin": "USDT", "market": "USDC/USDT", "error": "too many values to unpack (expected 2)"}
{"type": "orderbook", "ts": "2026-06-02T19:07:42.477171+00:00", "snapshot_idx": 1, "exchange": "gateio", "coin": "USDT", "market": "USDC/USDT", "depth_levels": 20, "best_bid": 1.0009, "best_ask": 1.001, "bid_depth_units": 659446.26, "ask_depth_units": 3094952.6, "bid_vwap": 1.0007160978363876, "ask_vwap": 1.001216219075213, "imbalance": 0.175646, "slippage_bps": {"sell_1000": 0.0, "buy_1000": 0.0, "sell_5000": 0.0, "buy_5000": 0.0, "sell_10000": 0.0, "buy_10000": 0.0, "sell_50000": 0.0, "buy_50000": 0.0}, "bids_raw": [[1.0009, 554507.9], [1.0008, 1048.67], [1.0007, 1032.94], [1.0006, 4811.0], [1.0005, 1099.93], [1.0004, 6218.16], [1.0003, 1000.0], [1.0002, 7683.46], [1.0, 8085.17], [0.9999, 8653.64], [0.9998, 8149.58], [0.9997, 10115.38], [0.9996, 7471.48], [0.9995, 9617.11], [0.9994, 7521.26], [0.9993, 7566.53], [0.9992, 7045.78], [0.9991, 4784.8], [0.999, 2645.44], [0.9989, 388.03]], "asks_raw": [[1.001, 195278.53], [1.0011, 47885.92], [1.0012, 2655916.92], [1.0013, 94227.55], [1.0015, 31914.55], [1.0016, 548.59], [1.0017, 1775.98], [1.0018, 11065.89], [1.0019, 5798.48], [1.002, 10299.21], [1.0021, 2677.37], [1.0022, 4842.35], [1.0023, 2854.94], [1.0024, 4932.65], [1.0025, 3590.37], [1.0026, 4937.16], [1.0027, 3707.64], [1.0028, 5249.3], [1.0029, 2608.19], [1.003, 4841.01]]}
{"type": "orderbook", "ts": "2026-06-02T19:07:42.477171+00:00", "snapshot_idx": 1, "exchange": "bitget", "coin": "USDT", "market": "USDC/USDT", "depth_levels": 20, "best_bid": 1.001, "best_ask": 1.0011, "bid_depth_units": 19591171.453, "ask_depth_units": 19021440.4895, "bid_vwap": 1.0003204235403456, "ask_vwap": 1.0022559588458413, "imbalance": 0.507378, "slippage_bps": {"sell_1000": 0.0, "buy_1000": 0.0, "sell_5000": 0.0, "buy_5000": 0.0, "sell_10000": 0.0, "buy_10000": 0.0, "sell_50000": 0.0, "buy_50000": 0.0}, "bids_raw": [[1.001, 3336130.7377], [1.0009, 3662711.1242], [1.0008, 2142.4465], [1.0007, 599.4681], [1.0006, 3313.1304], [1.0005, 1293662.0024], [1.0004, 931.6273], [1.0003, 1046460.7832], [1.0002, 1931290.9202], [1.0001, 864405.7858], [1.0, 4299733.9707], [0.9999, 953411.3162], [0.9998, 202040.4753], [0.9997, 835.3468], [0.9996, 12316.0427], [0.9995, 17025.0965], [0.9993, 1068081.7313], [0.9992, 579.986], [0.999, 895495.025], [0.9988, 4.4367]], "asks_raw": [[1.0011, 877925.5951], [1.0012, 4491937.7646], [1.0013, 2347301.1741], [1.0014, 2041867.1101], [1.0015, 105.3352], [1.0016, 37.13], [1.0017, 1000.0], [1.0018, 889336.9105], [1.002, 851.0817], [1.0021, 1581139.0], [1.0022, 1736677.0], [1.0023, 1792.746], [1.0026, 662837.0], [1.0035, 70.0365], [1.0037, 839118.0], [1.0038, 713322.0], [1.004, 1.1035], [1.0044, 1.5022], [1.005, 1955046.0], [1.0052, 881074.0]]}
{"type": "orderbook", "ts": "2026-06-02T19:07:42.477171+00:00", "snapshot_idx": 1, "exchange": "mexc", "coin": "USDT", "market": "USDC/USDT", "depth_levels": 20, "best_bid": 1.00114, "best_ask": 1.00115, "bid_depth_units": 36078295.19, "ask_depth_units": 17969545.14, "bid_vwap": 1.0010717197654317, "ask_vwap": 1.0011733504178226, "imbalance": 0.667525, "slippage_bps": {"sell_1000": 0.0, "buy_1000": 0.0, "sell_5000": 0.0, "buy_5000": 0.0, "sell_10000": 0.0, "buy_10000": 0.0, "sell_50000": 0.0, "buy_50000": 0.0}, "bids_raw": [[1.00114, 4791704.55], [1.00113, 1655359.13], [1.00112, 3054950.82], [1.00111, 2213425.01], [1.0011, 290907.69], [1.00109, 2430712.13], [1.00108, 2574408.57], [1.00107, 2150323.01], [1.00106, 4649789.18], [1.00105, 2070286.02], [1.00104, 379544.04], [1.00103, 283057.98], [1.00102, 4044853.06], [1.00101, 707254.03], [1.001, 4574544.75], [1.00099, 8563.05], [1.00098, 98291.03], [1.00097, 313.06], [1.00096, 703.04], [1.00095, 99305.04]], "asks_raw": [[1.00115, 1805581.84], [1.00116, 6627203.5], [1.00117, 2607060.13], [1.00118, 2670755.7], [1.00119, 921036.74], [1.0012, 3091285.52], [1.00121, 808.11], [1.00122, 20036.1], [1.00123, 9282.11], [1.00124, 15047.82], [1.00125, 10240.27], [1.00126, 331.39], [1.00127, 110074.4], [1.00128, 11561.01], [1.00129, 21593.51], [1.0013, 32116.65], [1.00131, 15113.24], [1.00132, 114.55], [1.00133, 115.78], [1.00134, 186.77]]}
{"type": "orderbook", "ts": "2026-06-02T19:07:42.477171+00:00", "snapshot_idx": 1, "exchange": "htx", "coin": "USDT", "market": "USDC/USDT", "depth_levels": 20, "best_bid": 1.0009, "best_ask": 1.001, "bid_depth_units": 380806.2429, "ask_depth_units": 2674398.9961, "bid_vwap": 1.0006250559883347, "ask_vwap": 1.001722907849584, "imbalance": 0.124642, "slippage_bps": {"sell_1000": 0.0, "buy_1000": 0.0, "sell_5000": 0.0, "buy_5000": 0.0, "sell_10000": 0.0, "buy_10000": 0.0, "sell_50000": 0.0, "buy_50000": 0.0}, "bids_raw": [[1.0009, 4287.4222], [1.0008, 160834.5605], [1.0007, 160125.0773], [1.0006, 1500.5421], [1.0005, 5347.6279], [1.0004, 3432.7313], [1.0003, 4271.8888], [1.0002, 1590.6835], [1.0001, 2691.4713], [1.0, 1638.6103], [0.9999, 403.7209], [0.9998, 52.0507], [0.9997, 7744.7185], [0.9996, 26062.9622], [0.9995, 129.4459], [0.9994, 210.3958], [0.9993, 95.654], [0.9992, 96.7206], [0.9991, 198.943], [0.999, 91.0161]], "asks_raw": [[1.001, 50.0741], [1.0011, 21084.7205], [1.0012, 812279.7278], [1.0013, 190160.1144], [1.0014, 180184.113], [1.0015, 89152.908], [1.0016, 4623.3535], [1.0017, 88257.9871], [1.0018, 34353.1615], [1.0019, 10.0], [1.002, 163219.4542], [1.0021, 288884.8315], [1.0022, 212024.0416], [1.0023, 589615.3105], [1.0024, 108.9929], [1.0026, 97.8338], [1.0033, 41.2164], [1.0036, 97.8338], [1.0039, 44.3286], [1.004, 108.9929]]}
{"type": "orderbook", "ts": "2026-06-02T19:07:42.477171+00:00", "snapshot_idx": 1, "exchange": "cryptocom", "coin": "USDT", "market": "USDC/USDT", "error": "cryptocom does not have market symbol USDC/USDT"}
{"type": "orderbook", "ts": "2026-06-02T19:07:42.477171+00:00", "snapshot_idx": 1, "exchange": "phemex", "coin": "USDT", "market": "USDC/USDT", "depth_levels": 20, "best_bid": 1.001, "best_ask": 1.0013, "bid_depth_units": 2830391.91, "ask_depth_units": 2549457.79, "bid_vwap": 0.998676386781716, "ask_vwap": 1.0037223882035717, "imbalance": 0.52611, "slippage_bps": {"sell_1000": 0.0, "buy_1000": 0.0, "sell_5000": 0.0, "buy_5000": 0.0, "sell_10000": 0.0, "buy_10000": 0.0, "sell_50000": 0.0, "buy_50000": 0.0}, "bids_raw": [[1.001, 657888.29], [1.0008, 98028.85], [1.0, 4288.32], [0.9998, 97504.81], [0.9991, 88575.71], [0.999, 193527.93], [0.9988, 208882.14], [0.9987, 107724.85], [0.9983, 186581.46], [0.9981, 119265.29], [0.998, 58717.53], [0.9977, 58832.64], [0.9976, 144591.26], [0.9975, 301280.07], [0.9974, 39046.61], [0.9973, 74547.57], [0.9969, 62951.53], [0.9968, 76360.52], [0.9965, 19417.48], [0.9953, 232379.05]], "asks_raw": [[1.0013, 629305.54], [1.0017, 88.66], [1.0018, 985.03], [1.0022, 109975.45], [1.0025, 85860.67], [1.0028, 124287.75], [1.003, 101997.57], [1.0042, 30371.43], [1.0044, 205944.23], [1.0045, 30951.66], [1.0046, 114170.24], [1.0047, 314461.77], [1.0048, 279054.28], [1.0049, 82907.21], [1.005, 169622.91], [1.0059, 20995.78], [1.006, 101.94], [1.0066, 157213.97], [1.0068, 16310.58], [1.0069, 74851.12]]}
{"type": "orderbook", "ts": "2026-06-02T19:07:42.477171+00:00", "snapshot_idx": 1, "exchange": "binance", "coin": "USDC", "market": "USDC/USDT", "depth_levels": 20, "best_bid": 1.00114, "best_ask": 1.00115, "bid_depth_units": 31451749.0, "ask_depth_units": 9959034.0, "bid_vwap": 1.0010536239657133, "ask_vwap": 1.0011726412551658, "imbalance": 0.759506, "slippage_bps": {"sell_1000": 0.0, "buy_1000": 0.0, "sell_5000": 0.0, "buy_5000": 0.0, "sell_10000": 0.0, "buy_10000": 0.0, "sell_50000": 0.0, "buy_50000": 0.0}, "bids_raw": [[1.00114, 2909170.0], [1.00113, 794271.0], [1.00112, 1454601.0], [1.00111, 859988.0], [1.0011, 247827.0], [1.00109, 1334426.0], [1.00108, 1227448.0], [1.00107, 2072582.0], [1.00106, 5207817.0], [1.00105, 2060264.0], [1.00104, 375063.0], [1.00103, 271031.0], [1.00102, 4019301.0], [1.00101, 707233.0], [1.001, 7688559.0], [1.00099, 8561.0], [1.00098, 113292.0], [1.00097, 311.0], [1.00096, 702.0], [1.00095, 99302.0]], "asks_raw": [[1.00115, 474393.0], [1.00116, 5068725.0], [1.00117, 1190468.0], [1.00118, 1175246.0], [1.00119, 398545.0], [1.0012, 1403930.0], [1.00121, 355.0], [1.00122, 20010.0], [1.00123, 9255.0], [1.00124, 15993.0], [1.00125, 16208.0], [1.00126, 41.0], [1.00127, 110033.0], [1.00128, 8499.0], [1.00129, 20041.0], [1.0013, 32032.0], [1.00131, 15051.0], [1.00132, 51.0], [1.00133, 56.0], [1.00134, 102.0]]}
{"type": "orderbook", "ts": "2026-06-02T19:07:42.477171+00:00", "snapshot_idx": 1, "exchange": "kucoin", "coin": "USDC", "market": "USDC/USDT", "depth_levels": 20, "best_bid": 1.001, "best_ask": 1.0011, "bid_depth_units": 1467241.66, "ask_depth_units": 2124063.47, "bid_vwap": 1.0009506310971295, "ask_vwap": 1.0011177340905921, "imbalance": 0.408554, "slippage_bps": {"sell_1000": 0.0, "buy_1000": 0.0, "sell_5000": 0.0, "buy_5000": 0.0, "sell_10000": 0.0, "buy_10000": 0.0, "sell_50000": 0.0, "buy_50000": 0.0}, "bids_raw": [[1.001, 1362896.21], [1.0009, 32093.84], [1.0008, 1042.84], [1.0007, 4520.42], [1.0006, 5661.67], [1.0003, 2804.04], [1.0002, 312.18], [1.0001, 835.0], [1.0, 43478.86], [0.9999, 1250.0], [0.9998, 1887.47], [0.9997, 3206.0], [0.9996, 3759.0], [0.9995, 1875.0], [0.9994, 5.56], [0.9993, 521.22], [0.9992, 8.05], [0.9991, 120.17], [0.999, 908.87], [0.9989, 55.26]], "asks_raw": [[1.0011, 2057471.65], [1.0012, 35995.11], [1.0014, 7415.81], [1.0015, 173.81], [1.0016, 8286.04], [1.0017, 1564.8], [1.0019, 520.49], [1.0029, 11466.72], [1.003, 0.37], [1.0041, 28.54], [1.0042, 0.1], [1.0046, 1.32], [1.005, 7.55], [1.0051, 799.2], [1.0052, 7.65], [1.0058, 23.07], [1.0064, 30.84], [1.0073, 3.48], [1.008, 13.42], [1.0086, 253.5]]}
{"type": "orderbook", "ts": "2026-06-02T19:07:42.477171+00:00", "snapshot_idx": 1, "exchange": "bybit", "coin": "USDC", "market": "USDC/USDT", "depth_levels": 20, "best_bid": 1.0011, "best_ask": 1.0012, "bid_depth_units": 29427904.55, "ask_depth_units": 19167132.27, "bid_vwap": 1.0009253151047413, "ask_vwap": 1.0013373491857789, "imbalance": 0.605574, "slippage_bps": {"sell_1000": 0.0, "buy_1000": 0.0, "sell_5000": 0.0, "buy_5000": 0.0, "sell_10000": 0.0, "buy_10000": 0.0, "sell_50000": 0.0, "buy_50000": 0.0}, "bids_raw": [[1.0011, 7822083.05], [1.001, 15291730.31], [1.0009, 2363330.88], [1.0008, 95588.88], [1.0007, 1067564.4], [1.0006, 160215.83], [1.0005, 1021360.93], [1.0004, 92305.94], [1.0003, 21894.22], [1.0002, 147204.11], [1.0001, 34189.59], [1.0, 562970.84], [0.9999, 101134.87], [0.9998, 28670.91], [0.9997, 36534.84], [0.9996, 403096.32], [0.9995, 65688.64], [0.9994, 37796.44], [0.9993, 33422.27], [0.9992, 41121.28]], "asks_raw": [[1.0012, 7013698.72], [1.0013, 4225413.68], [1.0014, 5023116.42], [1.0015, 1537123.47], [1.0016, 521941.66], [1.0017, 635750.13], [1.0018, 27921.82], [1.0019, 58141.57], [1.002, 31717.71], [1.0021, 10916.92], [1.0022, 5149.64], [1.0023, 2503.0], [1.0024, 3.0], [1.0025, 27003.0], [1.0026, 976.73], [1.0027, 3.0], [1.0028, 5003.0], [1.0029, 7503.0], [1.003, 33242.8], [1.0031, 3.0]]}
{"type": "orderbook", "ts": "2026-06-02T19:07:42.477171+00:00", "snapshot_idx": 1, "exchange": "gateio", "coin": "USDC", "market": "USDC/USDT", "depth_levels": 20, "best_bid": 1.0009, "best_ask": 1.001, "bid_depth_units": 659446.26, "ask_depth_units": 3094952.6, "bid_vwap": 1.0007160978363876, "ask_vwap": 1.001216219075213, "imbalance": 0.175646, "slippage_bps": {"sell_1000": 0.0, "buy_1000": 0.0, "sell_5000": 0.0, "buy_5000": 0.0, "sell_10000": 0.0, "buy_10000": 0.0, "sell_50000": 0.0, "buy_50000": 0.0}, "bids_raw": [[1.0009, 554507.9], [1.0008, 1048.67], [1.0007, 1032.94], [1.0006, 4811.0], [1.0005, 1099.93], [1.0004, 6218.16], [1.0003, 1000.0], [1.0002, 7683.46], [1.0, 8085.17], [0.9999, 8653.64], [0.9998, 8149.58], [0.9997, 10115.38], [0.9996, 7471.48], [0.9995, 9617.11], [0.9994, 7521.26], [0.9993, 7566.53], [0.9992, 7045.78], [0.9991, 4784.8], [0.999, 2645.44], [0.9989, 388.03]], "asks_raw": [[1.001, 195278.53], [1.0011, 47885.92], [1.0012, 2655916.92], [1.0013, 94227.55], [1.0015, 31914.55], [1.0016, 548.59], [1.0017, 1775.98], [1.0018, 11065.89], [1.0019, 5798.48], [1.002, 10299.21], [1.0021, 2677.37], [1.0022, 4842.35], [1.0023, 2854.94], [1.0024, 4932.65], [1.0025, 3590.37], [1.0026, 4937.16], [1.0027, 3707.64], [1.0028, 5249.3], [1.0029, 2608.19], [1.003, 4841.01]]}
{"type": "orderbook", "ts": "2026-06-02T19:07:42.477171+00:00", "snapshot_idx": 1, "exchange": "bitget", "coin": "USDC", "market": "USDC/USDT", "depth_levels": 20, "best_bid": 1.001, "best_ask": 1.0011, "bid_depth_units": 19590784.3804, "ask_depth_units": 19021405.2373, "bid_vwap": 1.0003204101133474, "ask_vwap": 1.0022559609881694, "imbalance": 0.507373, "slippage_bps": {"sell_1000": 0.0, "buy_1000": 0.0, "sell_5000": 0.0, "buy_5000": 0.0, "sell_10000": 0.0, "buy_10000": 0.0, "sell_50000": 0.0, "buy_50000": 0.0}, "bids_raw": [[1.001, 3335743.6651], [1.0009, 3662711.1242], [1.0008, 2142.4465], [1.0007, 599.4681], [1.0006, 3313.1304], [1.0005, 1293662.0024], [1.0004, 931.6273], [1.0003, 1046460.7832], [1.0002, 1931290.9202], [1.0001, 864405.7858], [1.0, 4299733.9707], [0.9999, 953411.3162], [0.9998, 202040.4753], [0.9997, 835.3468], [0.9996, 12316.0427], [0.9995, 17025.0965], [0.9993, 1068081.7313], [0.9992, 579.986], [0.999, 895495.025], [0.9988, 4.4367]], "asks_raw": [[1.0011, 877890.3429], [1.0012, 4491937.7646], [1.0013, 2347301.1741], [1.0014, 2041867.1101], [1.0015, 105.3352], [1.0016, 37.13], [1.0017, 1000.0], [1.0018, 889336.9105], [1.002, 851.0817], [1.0021, 1581139.0], [1.0022, 1736677.0], [1.0023, 1792.746], [1.0026, 662837.0], [1.0035, 70.0365], [1.0037, 839118.0], [1.0038, 713322.0], [1.004, 1.1035], [1.0044, 1.5022], [1.005, 1955046.0], [1.0052, 881074.0]]}
{"type": "orderbook", "ts": "2026-06-02T19:07:42.477171+00:00", "snapshot_idx": 1, "exchange": "mexc", "coin": "USDC", "market": "USDC/USDT", "depth_levels": 20, "best_bid": 1.00114, "best_ask": 1.00115, "bid_depth_units": 36078295.19, "ask_depth_units": 17969273.92, "bid_vwap": 1.0010717197654317, "ask_vwap": 1.0011733501665212, "imbalance": 0.667529, "slippage_bps": {"sell_1000": 0.0, "buy_1000": 0.0, "sell_5000": 0.0, "buy_5000": 0.0, "sell_10000": 0.0, "buy_10000": 0.0, "sell_50000": 0.0, "buy_50000": 0.0}, "bids_raw": [[1.00114, 4791704.55], [1.00113, 1655359.13], [1.00112, 3054950.82], [1.00111, 2213425.01], [1.0011, 290907.69], [1.00109, 2430712.13], [1.00108, 2574408.57], [1.00107, 2150323.01], [1.00106, 4649789.18], [1.00105, 2070286.02], [1.00104, 379544.04], [1.00103, 283057.98], [1.00102, 4044853.06], [1.00101, 707254.03], [1.001, 4574544.75], [1.00099, 8563.05], [1.00098, 98291.03], [1.00097, 313.06], [1.00096, 703.04], [1.00095, 99305.04]], "asks_raw": [[1.00115, 1805581.84], [1.00116, 6627203.5], [1.00117, 2607060.13], [1.00118, 2670755.7], [1.00119, 920765.52], [1.0012, 3091285.52], [1.00121, 808.11], [1.00122, 20036.1], [1.00123, 9282.11], [1.00124, 15047.82], [1.00125, 10240.27], [1.00126, 331.39], [1.00127, 110074.4], [1.00128, 11561.01], [1.00129, 21593.51], [1.0013, 32116.65], [1.00131, 15113.24], [1.00132, 114.55], [1.00133, 115.78], [1.00134, 186.77]]}
{"type": "orderbook", "ts": "2026-06-02T19:07:42.477171+00:00", "snapshot_idx": 1, "exchange": "htx", "coin": "USDC", "market": "USDC/USDT", "depth_levels": 20, "best_bid": 1.0009, "best_ask": 1.001, "bid_depth_units": 380806.2429, "ask_depth_units": 2674398.9961, "bid_vwap": 1.0006250559883347, "ask_vwap": 1.001722907849584, "imbalance": 0.124642, "slippage_bps": {"sell_1000": 0.0, "buy_1000": 0.0, "sell_5000": 0.0, "buy_5000": 0.0, "sell_10000": 0.0, "buy_10000": 0.0, "sell_50000": 0.0, "buy_50000": 0.0}, "bids_raw": [[1.0009, 4287.4222], [1.0008, 160834.5605], [1.0007, 160125.0773], [1.0006, 1500.5421], [1.0005, 5347.6279], [1.0004, 3432.7313], [1.0003, 4271.8888], [1.0002, 1590.6835], [1.0001, 2691.4713], [1.0, 1638.6103], [0.9999, 403.7209], [0.9998, 52.0507], [0.9997, 7744.7185], [0.9996, 26062.9622], [0.9995, 129.4459], [0.9994, 210.3958], [0.9993, 95.654], [0.9992, 96.7206], [0.9991, 198.943], [0.999, 91.0161]], "asks_raw": [[1.001, 50.0741], [1.0011, 21084.7205], [1.0012, 812279.7278], [1.0013, 190160.1144], [1.0014, 180184.113], [1.0015, 89152.908], [1.0016, 4623.3535], [1.0017, 88257.9871], [1.0018, 34353.1615], [1.0019, 10.0], [1.002, 163219.4542], [1.0021, 288884.8315], [1.0022, 212024.0416], [1.0023, 589615.3105], [1.0024, 108.9929], [1.0026, 97.8338], [1.0033, 41.2164], [1.0036, 97.8338], [1.0039, 44.3286], [1.004, 108.9929]]}
{"type": "orderbook", "ts": "2026-06-02T19:07:42.477171+00:00", "snapshot_idx": 1, "exchange": "coinbase", "coin": "USDC", "market": "USDC/USD", "error": "coinbase does not have market symbol USDC/USD"}
{"type": "orderbook", "ts": "2026-06-02T19:07:42.477171+00:00", "snapshot_idx": 1, "exchange": "phemex", "coin": "USDC", "market": "USDC/USDT", "depth_levels": 20, "best_bid": 1.001, "best_ask": 1.0013, "bid_depth_units": 2830391.91, "ask_depth_units": 2549457.79, "bid_vwap": 0.998676386781716, "ask_vwap": 1.0037223882035717, "imbalance": 0.52611, "slippage_bps": {"sell_1000": 0.0, "buy_1000": 0.0, "sell_5000": 0.0, "buy_5000": 0.0, "sell_10000": 0.0, "buy_10000": 0.0, "sell_50000": 0.0, "buy_50000": 0.0}, "bids_raw": [[1.001, 657888.29], [1.0008, 98028.85], [1.0, 4288.32], [0.9998, 97504.81], [0.9991, 88575.71], [0.999, 193527.93], [0.9988, 208882.14], [0.9987, 107724.85], [0.9983, 186581.46], [0.9981, 119265.29], [0.998, 58717.53], [0.9977, 58832.64], [0.9976, 144591.26], [0.9975, 301280.07], [0.9974, 39046.61], [0.9973, 74547.57], [0.9969, 62951.53], [0.9968, 76360.52], [0.9965, 19417.48], [0.9953, 232379.05]], "asks_raw": [[1.0013, 629305.54], [1.0017, 88.66], [1.0018, 985.03], [1.0022, 109975.45], [1.0025, 85860.67], [1.0028, 124287.75], [1.003, 101997.57], [1.0042, 30371.43], [1.0044, 205944.23], [1.0045, 30951.66], [1.0046, 114170.24], [1.0047, 314461.77], [1.0048, 279054.28], [1.0049, 82907.21], [1.005, 169622.91], [1.0059, 20995.78], [1.006, 101.94], [1.0066, 157213.97], [1.0068, 16310.58], [1.0069, 74851.12]]}
{"type": "orderbook", "ts": "2026-06-02T19:07:42.477171+00:00", "snapshot_idx": 1, "exchange": "binance", "coin": "DAI", "market": "DAI/USDT", "depth_levels": 20, "best_bid": null, "best_ask": null, "bid_depth_units": 0.0, "ask_depth_units": 0.0, "bid_vwap": null, "ask_vwap": null, "imbalance": 0.5, "slippage_bps": {"sell_1000": null, "buy_1000": null, "sell_5000": null, "buy_5000": null, "sell_10000": null, "buy_10000": null, "sell_50000": null, "buy_50000": null}, "bids_raw": [], "asks_raw": []}
{"type": "orderbook", "ts": "2026-06-02T19:07:42.477171+00:00", "snapshot_idx": 1, "exchange": "kucoin", "coin": "DAI", "market": "USDT/DAI", "error": "kucoin does not have market symbol USDT/DAI"}
{"type": "orderbook", "ts": "2026-06-02T19:07:42.477171+00:00", "snapshot_idx": 1, "exchange": "bybit", "coin": "DAI", "market": "DAI/USDT", "error": "bybit does not have market symbol DAI/USDT"}
{"type": "orderbook", "ts": "2026-06-02T19:07:42.477171+00:00", "snapshot_idx": 1, "exchange": "gateio", "coin": "DAI", "market": "DAI/USDT", "error": "gateio does not have market symbol DAI/USDT"}
{"type": "orderbook", "ts": "2026-06-02T19:07:42.477171+00:00", "snapshot_idx": 1, "exchange": "mexc", "coin": "DAI", "market": "DAI/USDT", "error": "mexc does not have market symbol DAI/USDT"}
{"type": "orderbook", "ts": "2026-06-02T19:07:42.477171+00:00", "snapshot_idx": 1, "exchange": "htx", "coin": "DAI", "market": "DAI/USDT", "error": "htx {\"ts\":1780427268773,\"status\":\"error\",\"err-code\":\"invalid-parameter\",\"err-msg\":\"invalid symbol\"}"}
{"type": "orderbook", "ts": "2026-06-02T19:07:42.477171+00:00", "snapshot_idx": 1, "exchange": "binance", "coin": "TUSD", "market": "TUSD/USDT", "depth_levels": 20, "best_bid": 0.9997, "best_ask": 0.9998, "bid_depth_units": 1200403.0, "ask_depth_units": 559493.0, "bid_vwap": 0.9990552595253429, "ask_vwap": 1.0004936787412888, "imbalance": 0.682087, "slippage_bps": {"sell_1000": 0.0, "buy_1000": 0.0, "sell_5000": 0.0, "buy_5000": 0.0, "sell_10000": 0.0, "buy_10000": 0.0, "sell_50000": 0.0, "buy_50000": 0.0}, "bids_raw": [[0.9997, 135377.0], [0.9996, 102138.0], [0.9995, 301518.0], [0.9994, 518.0], [0.9993, 18.0], [0.9992, 100018.0], [0.9991, 18.0], [0.999, 200024.0], [0.9989, 24.0], [0.9988, 24.0], [0.9987, 18.0], [0.9986, 18.0], [0.9985, 200018.0], [0.9984, 18.0], [0.9983, 18.0], [0.9982, 18.0], [0.9981, 18.0], [0.998, 160552.0], [0.9979, 24.0], [0.9978, 24.0]], "asks_raw": [[0.9998, 671.0], [0.9999, 2068.0], [1.0, 7766.0], [1.0001, 76036.0], [1.0002, 74089.0], [1.0003, 50764.0], [1.0004, 51744.0], [1.0005, 100744.0], [1.0006, 42738.0], [1.0007, 70723.0], [1.0008, 738.0], [1.0009, 70424.0], [1.001, 417.0], [1.0011, 178.0], [1.0012, 18.0], [1.002, 200.0], [1.0027, 10019.0], [1.0033, 28.0], [1.004, 100.0], [1.0047, 28.0]]}
{"type": "orderbook", "ts": "2026-06-02T19:07:42.477171+00:00", "snapshot_idx": 1, "exchange": "binance", "coin": "FDUSD", "market": "FDUSD/USDT", "depth_levels": 20, "best_bid": 0.9988, "best_ask": 0.9989, "bid_depth_units": 6667739.0, "ask_depth_units": 9209442.0, "bid_vwap": 0.9982932762065223, "ask_vwap": 0.9995964526406702, "imbalance": 0.419957, "slippage_bps": {"sell_1000": 0.0, "buy_1000": 0.0, "sell_5000": 0.0, "buy_5000": 0.0, "sell_10000": 0.0, "buy_10000": 0.0, "sell_50000": 0.0, "buy_50000": 0.0}, "bids_raw": [[0.9988, 197868.0], [0.9987, 402550.0], [0.9986, 661107.0], [0.9985, 1036589.0], [0.9984, 902889.0], [0.9983, 793720.0], [0.9982, 1047098.0], [0.9981, 401150.0], [0.998, 438419.0], [0.9979, 150884.0], [0.9978, 67515.0], [0.9977, 350938.0], [0.9976, 154134.0], [0.9975, 11390.0], [0.9974, 2216.0], [0.9973, 3097.0], [0.9972, 2664.0], [0.9971, 24058.0], [0.997, 15455.0], [0.9969, 3998.0]], "asks_raw": [[0.9989, 537567.0], [0.999, 337709.0], [0.9991, 801555.0], [0.9992, 935123.0], [0.9993, 1406026.0], [0.9994, 495010.0], [0.9995, 483437.0], [0.9996, 55194.0], [0.9997, 43450.0], [0.9998, 108982.0], [0.9999, 743224.0], [1.0, 1152311.0], [1.0001, 1031661.0], [1.0002, 1013526.0], [1.0003, 17713.0], [1.0004, 7497.0], [1.0005, 19938.0], [1.0006, 17253.0], [1.0007, 589.0], [1.0008, 1677.0]]}
{"type": "orderbook", "ts": "2026-06-02T19:07:42.477171+00:00", "snapshot_idx": 1, "exchange": "binance", "coin": "BUSD", "market": "BUSD/USDT", "depth_levels": 20, "best_bid": null, "best_ask": null, "bid_depth_units": 0.0, "ask_depth_units": 0.0, "bid_vwap": null, "ask_vwap": null, "imbalance": 0.5, "slippage_bps": {"sell_1000": null, "buy_1000": null, "sell_5000": null, "buy_5000": null, "sell_10000": null, "buy_10000": null, "sell_50000": null, "buy_50000": null}, "bids_raw": [], "asks_raw": []}
{"type": "orderbook", "ts": "2026-06-02T19:07:42.477171+00:00", "snapshot_idx": 1, "exchange": "binance", "coin": "USDP", "market": "USDP/USDT", "depth_levels": 20, "best_bid": 1.0006, "best_ask": 1.0007, "bid_depth_units": 138945.0, "ask_depth_units": 114020.0, "bid_vwap": 0.9994723977113246, "ask_vwap": 1.003120915628837, "imbalance": 0.549266, "slippage_bps": {"sell_1000": 0.0, "buy_1000": 0.0, "sell_5000": 0.0, "buy_5000": 0.0, "sell_10000": 0.0, "buy_10000": 0.0, "sell_50000": 0.0, "buy_50000": 0.0}, "bids_raw": [[1.0006, 4215.0], [1.0005, 5561.0], [1.0004, 6.0], [1.0003, 505.0], [1.0002, 9356.0], [1.0001, 17.0], [1.0, 17.0], [0.9999, 17.0], [0.9998, 11713.0], [0.9997, 20006.0], [0.9996, 6.0], [0.9995, 9264.0], [0.9994, 13964.0], [0.9993, 6.0], [0.9992, 6.0], [0.9991, 50135.0], [0.999, 14133.0], [0.9989, 6.0], [0.9988, 6.0], [0.9987, 6.0]], "asks_raw": [[1.0007, 2473.0], [1.0008, 543.0], [1.0009, 38.0], [1.001, 34.0], [1.0011, 194.0], [1.0012, 2798.0], [1.0013, 6.0], [1.0014, 5017.0], [1.0015, 5005.0], [1.0016, 3664.0], [1.0021, 4876.0], [1.0025, 5972.0], [1.0027, 242.0], [1.0029, 6022.0], [1.0033, 6219.0], [1.0036, 50123.0], [1.0037, 6850.0], [1.0041, 6810.0], [1.0045, 6941.0], [1.0046, 193.0]]}
{"type": "orderbook", "ts": "2026-06-02T19:07:42.477171+00:00", "snapshot_idx": 1, "exchange": "binance", "coin": "GUSD", "market": "GUSD/USDT", "error": "binance does not have market symbol GUSD/USDT"}
{"type": "orderbook", "ts": "2026-06-02T19:08:16.302024+00:00", "snapshot_idx": 2, "exchange": "binance", "coin": "USDT", "market": "USDC/USDT", "depth_levels": 20, "best_bid": 1.00114, "best_ask": 1.00115, "bid_depth_units": 30319775.0, "ask_depth_units": 9773162.0, "bid_vwap": 1.0010504440296804, "ask_vwap": 1.0011727463915976, "imbalance": 0.756237, "slippage_bps": {"sell_1000": 0.0, "buy_1000": 0.0, "sell_5000": 0.0, "buy_5000": 0.0, "sell_10000": 0.0, "buy_10000": 0.0, "sell_50000": 0.0, "buy_50000": 0.0}, "bids_raw": [[1.00114, 1851220.0], [1.00113, 788271.0], [1.00112, 1380577.0], [1.00111, 865988.0], [1.0011, 247827.0], [1.00109, 1334426.0], [1.00108, 1227448.0], [1.00107, 2072582.0], [1.00106, 5207817.0], [1.00105, 2060264.0], [1.00104, 375063.0], [1.00103, 271031.0], [1.00102, 4019301.0], [1.00101, 707233.0], [1.001, 7688559.0], [1.00099, 8561.0], [1.00098, 113292.0], [1.00097, 311.0], [1.00096, 702.0], [1.00095, 99302.0]], "asks_raw": [[1.00115, 288520.0], [1.00116, 5068725.0], [1.00117, 1490557.0], [1.00118, 875158.0], [1.00119, 398545.0], [1.0012, 1403930.0], [1.00121, 355.0], [1.00122, 26010.0], [1.00123, 9255.0], [1.00124, 15993.0], [1.00125, 10208.0], [1.00126, 41.0], [1.00127, 110033.0], [1.00128, 8499.0], [1.00129, 20041.0], [1.0013, 32032.0], [1.00131, 15051.0], [1.00132, 51.0], [1.00133, 56.0], [1.00134, 102.0]]}
{"type": "orderbook", "ts": "2026-06-02T19:08:16.302024+00:00", "snapshot_idx": 2, "exchange": "kraken", "coin": "USDT", "market": "USDT/USD", "error": "too many values to unpack (expected 2)"}
{"type": "orderbook", "ts": "2026-06-02T19:08:16.302024+00:00", "snapshot_idx": 2, "exchange": "kucoin", "coin": "USDT", "market": "USDT/USDC", "depth_levels": 20, "best_bid": 0.9987, "best_ask": 0.9988, "bid_depth_units": 354730.5856, "ask_depth_units": 536890.01, "bid_vwap": 0.9980224547114385, "ask_vwap": 0.9994600054525133, "imbalance": 0.397849, "slippage_bps": {"sell_1000": 0.0, "buy_1000": 0.0, "sell_5000": 0.0, "buy_5000": 0.0, "sell_10000": 0.0, "buy_10000": 0.0, "sell_50000": 0.0, "buy_50000": 0.0}, "bids_raw": [[0.9987, 240787.2056], [0.9986, 17720.34], [0.9985, 11175.09], [0.9984, 3072.0], [0.9983, 7061.38], [0.9982, 4587.04], [0.9979, 7395.0], [0.9977, 1756.18], [0.9976, 9614.0], [0.9974, 7395.0], [0.9972, 11833.0], [0.997, 11833.0], [0.996, 0.11], [0.994, 98.69], [0.9929, 2515.35], [0.9913, 480.0], [0.9904, 6226.82], [0.9903, 10635.43], [0.9901, 23.6], [0.9896, 521.35]], "asks_raw": [[0.9988, 64312.18], [0.9989, 24409.75], [0.999, 245012.37], [0.9991, 7125.0], [0.9992, 10875.32], [0.9993, 2446.0], [0.9994, 3165.0], [0.9996, 1494.45], [0.9997, 33700.64], [1.0, 9375.0], [1.0001, 62190.07], [1.0006, 521.82], [1.0007, 11250.0], [1.0009, 28713.8], [1.001, 7500.0], [1.0013, 11250.0], [1.0017, 12816.0], [1.0022, 0.11], [1.0056, 252.5], [1.0062, 480.0]]}
{"type": "orderbook", "ts": "2026-06-02T19:08:16.302024+00:00", "snapshot_idx": 2, "exchange": "bybit", "coin": "USDT", "market": "USDC/USDT", "depth_levels": 20, "best_bid": 1.0011, "best_ask": 1.0012, "bid_depth_units": 29420389.61, "ask_depth_units": 19169177.52, "bid_vwap": 1.0009252702665685, "ask_vwap": 1.0013372917493855, "imbalance": 0.605488, "slippage_bps": {"sell_1000": 0.0, "buy_1000": 0.0, "sell_5000": 0.0, "buy_5000": 0.0, "sell_10000": 0.0, "buy_10000": 0.0, "sell_50000": 0.0, "buy_50000": 0.0}, "bids_raw": [[1.0011, 7814504.01], [1.001, 15291794.41], [1.0009, 2363330.88], [1.0008, 95588.88], [1.0007, 1067564.4], [1.0006, 160215.83], [1.0005, 1021360.93], [1.0004, 92305.94], [1.0003, 21894.22], [1.0002, 147204.11], [1.0001, 34189.59], [1.0, 562970.84], [0.9999, 101134.87], [0.9998, 28670.91], [0.9997, 36534.84], [0.9996, 403096.32], [0.9995, 65688.64], [0.9994, 37796.44], [0.9993, 33422.27], [0.9992, 41121.28]], "asks_raw": [[1.0012, 7018477.62], [1.0013, 4225413.68], [1.0014, 5023116.42], [1.0015, 1534389.82], [1.0016, 521941.66], [1.0017, 635750.13], [1.0018, 27921.82], [1.0019, 58141.57], [1.002, 31717.71], [1.0021, 10916.92], [1.0022, 5149.64], [1.0023, 2503.0], [1.0024, 3.0], [1.0025, 27003.0], [1.0026, 976.73], [1.0027, 3.0], [1.0028, 5003.0], [1.0029, 7503.0], [1.003, 33242.8], [1.0031, 3.0]]}
{"type": "orderbook", "ts": "2026-06-02T19:08:16.302024+00:00", "snapshot_idx": 2, "exchange": "okx", "coin": "USDT", "market": "USDC/USDT", "error": "too many values to unpack (expected 2)"}
{"type": "orderbook", "ts": "2026-06-02T19:08:16.302024+00:00", "snapshot_idx": 2, "exchange": "gateio", "coin": "USDT", "market": "USDC/USDT", "depth_levels": 20, "best_bid": 1.0009, "best_ask": 1.001, "bid_depth_units": 659446.26, "ask_depth_units": 3094625.58, "bid_vwap": 1.0007160978363876, "ask_vwap": 1.0012162499377388, "imbalance": 0.175662, "slippage_bps": {"sell_1000": 0.0, "buy_1000": 0.0, "sell_5000": 0.0, "buy_5000": 0.0, "sell_10000": 0.0, "buy_10000": 0.0, "sell_50000": 0.0, "buy_50000": 0.0}, "bids_raw": [[1.0009, 554507.9], [1.0008, 1048.67], [1.0007, 1032.94], [1.0006, 4811.0], [1.0005, 1099.93], [1.0004, 6218.16], [1.0003, 1000.0], [1.0002, 7683.46], [1.0, 8085.17], [0.9999, 8653.64], [0.9998, 8149.58], [0.9997, 10115.38], [0.9996, 7471.48], [0.9995, 9617.11], [0.9994, 7521.26], [0.9993, 7566.53], [0.9992, 7045.78], [0.9991, 4784.8], [0.999, 2645.44], [0.9989, 388.03]], "asks_raw": [[1.001, 194827.51], [1.0011, 47885.92], [1.0012, 2656040.92], [1.0013, 94227.55], [1.0015, 31914.55], [1.0016, 548.59], [1.0017, 1775.98], [1.0018, 11065.89], [1.0019, 5798.48], [1.002, 10299.21], [1.0021, 2677.37], [1.0022, 4842.35], [1.0023, 2854.94], [1.0024, 4932.65], [1.0025, 3590.37], [1.0026, 4937.16], [1.0027, 3707.64], [1.0028, 5249.3], [1.0029, 2608.19], [1.003, 4841.01]]}
{"type": "orderbook", "ts": "2026-06-02T19:08:16.302024+00:00", "snapshot_idx": 2, "exchange": "bitget", "coin": "USDT", "market": "USDC/USDT", "depth_levels": 20, "best_bid": 1.001, "best_ask": 1.0011, "bid_depth_units": 19576031.9206, "ask_depth_units": 19017245.5213, "bid_vwap": 1.000319897975723, "ask_vwap": 1.0022562138360076, "imbalance": 0.507239, "slippage_bps": {"sell_1000": 0.0, "buy_1000": 0.0, "sell_5000": 0.0, "buy_5000": 0.0, "sell_10000": 0.0, "buy_10000": 0.0, "sell_50000": 0.0, "buy_50000": 0.0}, "bids_raw": [[1.001, 3320991.2053], [1.0009, 3662711.1242], [1.0008, 2142.4465], [1.0007, 599.4681], [1.0006, 3313.1304], [1.0005, 1293662.0024], [1.0004, 931.6273], [1.0003, 1046460.7832], [1.0002, 1931290.9202], [1.0001, 864405.7858], [1.0, 4299733.9707], [0.9999, 953411.3162], [0.9998, 202040.4753], [0.9997, 835.3468], [0.9996, 12316.0427], [0.9995, 17025.0965], [0.9993, 1068081.7313], [0.9992, 579.986], [0.999, 895495.025], [0.9988, 4.4367]], "asks_raw": [[1.0011, 873730.6269], [1.0012, 4491937.7646], [1.0013, 2347301.1741], [1.0014, 2041867.1101], [1.0015, 105.3352], [1.0016, 37.13], [1.0017, 1000.0], [1.0018, 889336.9105], [1.002, 851.0817], [1.0021, 1581139.0], [1.0022, 1736677.0], [1.0023, 1792.746], [1.0026, 662837.0], [1.0035, 70.0365], [1.0037, 839118.0], [1.0038, 713322.0], [1.004, 1.1035], [1.0044, 1.5022], [1.005, 1955046.0], [1.0052, 881074.0]]}
{"type": "orderbook", "ts": "2026-06-02T19:08:16.302024+00:00", "snapshot_idx": 2, "exchange": "mexc", "coin": "USDT", "market": "USDC/USDT", "depth_levels": 20, "best_bid": 1.00114, "best_ask": 1.00115, "bid_depth_units": 36082672.72, "ask_depth_units": 16930401.53, "bid_vwap": 1.0010717280491521, "ask_vwap": 1.0011747829643942, "imbalance": 0.680637, "slippage_bps": {"sell_1000": 0.0, "buy_1000": 0.0, "sell_5000": 0.0, "buy_5000": 0.0, "sell_10000": 0.0, "buy_10000": 0.0, "sell_50000": 0.0, "buy_50000": 0.0}, "bids_raw": [[1.00114, 4796082.08], [1.00113, 1655359.13], [1.00112, 3054950.82], [1.00111, 2213425.01], [1.0011, 290907.69], [1.00109, 2430712.13], [1.00108, 2574408.57], [1.00107, 2150323.01], [1.00106, 4649789.18], [1.00105, 2070286.02], [1.00104, 379544.04], [1.00103, 283057.98], [1.00102, 4044853.06], [1.00101, 707254.03], [1.001, 4574544.75], [1.00099, 8563.05], [1.00098, 98291.03], [1.00097, 313.06], [1.00096, 703.04], [1.00095, 99305.04]], "asks_raw": [[1.00115, 766709.45], [1.00116, 6627203.5], [1.00117, 2607060.13], [1.00118, 2670755.7], [1.00119, 920765.52], [1.0012, 3091285.52], [1.00121, 808.11], [1.00122, 20036.1], [1.00123, 9282.11], [1.00124, 15047.82], [1.00125, 10240.27], [1.00126, 331.39], [1.00127, 110074.4], [1.00128, 11561.01], [1.00129, 21593.51], [1.0013, 32116.65], [1.00131, 15113.24], [1.00132, 114.55], [1.00133, 115.78], [1.00134, 186.77]]}
{"type": "orderbook", "ts": "2026-06-02T19:08:16.302024+00:00", "snapshot_idx": 2, "exchange": "htx", "coin": "USDT", "market": "USDC/USDT", "depth_levels": 20, "best_bid": 1.0009, "best_ask": 1.001, "bid_depth_units": 376605.4298, "ask_depth_units": 2674290.0636, "bid_vwap": 1.0006219891488404, "ask_vwap": 1.0017228507302263, "imbalance": 0.123441, "slippage_bps": {"sell_1000": 0.0, "buy_1000": 0.0, "sell_5000": 0.0, "buy_5000": 0.0, "sell_10000": 0.0, "buy_10000": 0.0, "sell_50000": 0.0, "buy_50000": 0.0}, "bids_raw": [[1.0009, 86.6091], [1.0008, 160834.5605], [1.0007, 160125.0773], [1.0006, 1500.5421], [1.0005, 5347.6279], [1.0004, 3432.7313], [1.0003, 4271.8888], [1.0002, 1590.6835], [1.0001, 2691.4713], [1.0, 1638.6103], [0.9999, 403.7209], [0.9998, 52.0507], [0.9997, 7744.7185], [0.9996, 26062.9622], [0.9995, 129.4459], [0.9994, 210.3958], [0.9993, 95.654], [0.9992, 96.7206], [0.9991, 198.943], [0.999, 91.0161]], "asks_raw": [[1.001, 129.142], [1.0011, 21084.7211], [1.0012, 812279.7273], [1.0013, 190160.1153], [1.0014, 180184.1137], [1.0015, 89152.908], [1.0016, 4623.3535], [1.0017, 88257.987], [1.0018, 34353.1616], [1.0019, 10.0], [1.002, 163219.4533], [1.0021, 288884.8314], [1.0022, 211895.0413], [1.0023, 589556.3097], [1.0024, 108.9929], [1.0026, 97.8338], [1.0033, 41.2164], [1.0036, 97.8338], [1.0039, 44.3286], [1.004, 108.9929]]}
{"type": "orderbook", "ts": "2026-06-02T19:08:16.302024+00:00", "snapshot_idx": 2, "exchange": "cryptocom", "coin": "USDT", "market": "USDC/USDT", "error": "cryptocom does not have market symbol USDC/USDT"}
{"type": "orderbook", "ts": "2026-06-02T19:08:16.302024+00:00", "snapshot_idx": 2, "exchange": "phemex", "coin": "USDT", "market": "USDC/USDT", "depth_levels": 20, "best_bid": 1.001, "best_ask": 1.0013, "bid_depth_units": 2830391.91, "ask_depth_units": 2482512.07, "bid_vwap": 0.998676386781716, "ask_vwap": 1.0037877125676975, "imbalance": 0.532739, "slippage_bps": {"sell_1000": 0.0, "buy_1000": 0.0, "sell_5000": 0.0, "buy_5000": 0.0, "sell_10000": 0.0, "buy_10000": 0.0, "sell_50000": 0.0, "buy_50000": 0.0}, "bids_raw": [[1.001, 657888.29], [1.0008, 98028.85], [1.0, 4288.32], [0.9998, 97504.81], [0.9991, 88575.71], [0.999, 193527.93], [0.9988, 208882.14], [0.9987, 107724.85], [0.9983, 186581.46], [0.9981, 119265.29], [0.998, 58717.53], [0.9977, 58832.64], [0.9976, 144591.26], [0.9975, 301280.07], [0.9974, 39046.61], [0.9973, 74547.57], [0.9969, 62951.53], [0.9968, 76360.52], [0.9965, 19417.48], [0.9953, 232379.05]], "asks_raw": [[1.0013, 562359.82], [1.0017, 88.66], [1.0018, 985.03], [1.0022, 109975.45], [1.0025, 85860.67], [1.0028, 124287.75], [1.003, 101997.57], [1.0042, 30371.43], [1.0044, 205944.23], [1.0045, 30951.66], [1.0046, 114170.24], [1.0047, 314461.77], [1.0048, 279054.28], [1.0049, 82907.21], [1.005, 169622.91], [1.0059, 20995.78], [1.006, 101.94], [1.0066, 157213.97], [1.0068, 16310.58], [1.0069, 74851.12]]}
{"type": "orderbook", "ts": "2026-06-02T19:08:16.302024+00:00", "snapshot_idx": 2, "exchange": "binance", "coin": "USDC", "market": "USDC/USDT", "depth_levels": 20, "best_bid": 1.00114, "best_ask": 1.00115, "bid_depth_units": 30316916.0, "ask_depth_units": 9729290.0, "bid_vwap": 1.0010504355842131, "ask_vwap": 1.0011728489612295, "imbalance": 0.757048, "slippage_bps": {"sell_1000": 0.0, "buy_1000": 0.0, "sell_5000": 0.0, "buy_5000": 0.0, "sell_10000": 0.0, "buy_10000": 0.0, "sell_50000": 0.0, "buy_50000": 0.0}, "bids_raw": [[1.00114, 1848361.0], [1.00113, 788271.0], [1.00112, 1380577.0], [1.00111, 865988.0], [1.0011, 247827.0], [1.00109, 1334426.0], [1.00108, 1227448.0], [1.00107, 2072582.0], [1.00106, 5207817.0], [1.00105, 2060264.0], [1.00104, 375063.0], [1.00103, 271031.0], [1.00102, 4019301.0], [1.00101, 707233.0], [1.001, 7688559.0], [1.00099, 8561.0], [1.00098, 113292.0], [1.00097, 311.0], [1.00096, 702.0], [1.00095, 99302.0]], "asks_raw": [[1.00115, 244648.0], [1.00116, 5068725.0], [1.00117, 1490557.0], [1.00118, 875158.0], [1.00119, 398545.0], [1.0012, 1403930.0], [1.00121, 355.0], [1.00122, 26010.0], [1.00123, 9255.0], [1.00124, 15993.0], [1.00125, 10208.0], [1.00126, 41.0], [1.00127, 110033.0], [1.00128, 8499.0], [1.00129, 20041.0], [1.0013, 32032.0], [1.00131, 15051.0], [1.00132, 51.0], [1.00133, 56.0], [1.00134, 102.0]]}
{"type": "orderbook", "ts": "2026-06-02T19:08:16.302024+00:00", "snapshot_idx": 2, "exchange": "kucoin", "coin": "USDC", "market": "USDC/USDT", "depth_levels": 20, "best_bid": 1.001, "best_ask": 1.0011, "bid_depth_units": 1437464.89, "ask_depth_units": 2123622.6, "bid_vwap": 1.000949825088945, "ask_vwap": 1.001117737772239, "imbalance": 0.403659, "slippage_bps": {"sell_1000": 0.0, "buy_1000": 0.0, "sell_5000": 0.0, "buy_5000": 0.0, "sell_10000": 0.0, "buy_10000": 0.0, "sell_50000": 0.0, "buy_50000": 0.0}, "bids_raw": [[1.001, 1334022.11], [1.0009, 32093.84], [1.0008, 1042.83], [1.0007, 4025.18], [1.0006, 5254.17], [1.0003, 2804.04], [1.0002, 312.18], [1.0001, 835.0], [1.0, 43478.86], [0.9999, 1250.0], [0.9998, 1887.47], [0.9997, 3206.0], [0.9996, 3759.0], [0.9995, 1875.0], [0.9994, 5.56], [0.9993, 521.3], [0.9992, 8.05], [0.9991, 120.17], [0.999, 908.87], [0.9989, 55.26]], "asks_raw": [[1.0011, 2057030.78], [1.0012, 35995.11], [1.0014, 7415.81], [1.0015, 173.81], [1.0016, 8286.04], [1.0017, 1564.8], [1.0019, 520.49], [1.0029, 11466.72], [1.003, 0.37], [1.0041, 28.54], [1.0042, 0.1], [1.0046, 1.32], [1.005, 7.55], [1.0051, 799.2], [1.0052, 7.65], [1.0058, 23.07], [1.0064, 30.84], [1.0073, 3.48], [1.008, 13.42], [1.0086, 253.5]]}
{"type": "orderbook", "ts": "2026-06-02T19:08:16.302024+00:00", "snapshot_idx": 2, "exchange": "bybit", "coin": "USDC", "market": "USDC/USDT", "depth_levels": 20, "best_bid": 1.0011, "best_ask": 1.0012, "bid_depth_units": 29420317.49, "ask_depth_units": 19169177.52, "bid_vwap": 1.000925269838242, "ask_vwap": 1.0013372917493855, "imbalance": 0.605487, "slippage_bps": {"sell_1000": 0.0, "buy_1000": 0.0, "sell_5000": 0.0, "buy_5000": 0.0, "sell_10000": 0.0, "buy_10000": 0.0, "sell_50000": 0.0, "buy_50000": 0.0}, "bids_raw": [[1.0011, 7814431.89], [1.001, 15291794.41], [1.0009, 2363330.88], [1.0008, 95588.88], [1.0007, 1067564.4], [1.0006, 160215.83], [1.0005, 1021360.93], [1.0004, 92305.94], [1.0003, 21894.22], [1.0002, 147204.11], [1.0001, 34189.59], [1.0, 562970.84], [0.9999, 101134.87], [0.9998, 28670.91], [0.9997, 36534.84], [0.9996, 403096.32], [0.9995, 65688.64], [0.9994, 37796.44], [0.9993, 33422.27], [0.9992, 41121.28]], "asks_raw": [[1.0012, 7018477.62], [1.0013, 4225413.68], [1.0014, 5023116.42], [1.0015, 1534389.82], [1.0016, 521941.66], [1.0017, 635750.13], [1.0018, 27921.82], [1.0019, 58141.57], [1.002, 31717.71], [1.0021, 10916.92], [1.0022, 5149.64], [1.0023, 2503.0], [1.0024, 3.0], [1.0025, 27003.0], [1.0026, 976.73], [1.0027, 3.0], [1.0028, 5003.0], [1.0029, 7503.0], [1.003, 33242.8], [1.0031, 3.0]]}
{"type": "orderbook", "ts": "2026-06-02T19:08:16.302024+00:00", "snapshot_idx": 2, "exchange": "gateio", "coin": "USDC", "market": "USDC/USDT", "depth_levels": 20, "best_bid": 1.0009, "best_ask": 1.001, "bid_depth_units": 659446.26, "ask_depth_units": 3094625.58, "bid_vwap": 1.0007160978363876, "ask_vwap": 1.0012162499377388, "imbalance": 0.175662, "slippage_bps": {"sell_1000": 0.0, "buy_1000": 0.0, "sell_5000": 0.0, "buy_5000": 0.0, "sell_10000": 0.0, "buy_10000": 0.0, "sell_50000": 0.0, "buy_50000": 0.0}, "bids_raw": [[1.0009, 554507.9], [1.0008, 1048.67], [1.0007, 1032.94], [1.0006, 4811.0], [1.0005, 1099.93], [1.0004, 6218.16], [1.0003, 1000.0], [1.0002, 7683.46], [1.0, 8085.17], [0.9999, 8653.64], [0.9998, 8149.58], [0.9997, 10115.38], [0.9996, 7471.48], [0.9995, 9617.11], [0.9994, 7521.26], [0.9993, 7566.53], [0.9992, 7045.78], [0.9991, 4784.8], [0.999, 2645.44], [0.9989, 388.03]], "asks_raw": [[1.001, 194827.51], [1.0011, 47885.92], [1.0012, 2656040.92], [1.0013, 94227.55], [1.0015, 31914.55], [1.0016, 548.59], [1.0017, 1775.98], [1.0018, 11065.89], [1.0019, 5798.48], [1.002, 10299.21], [1.0021, 2677.37], [1.0022, 4842.35], [1.0023, 2854.94], [1.0024, 4932.65], [1.0025, 3590.37], [1.0026, 4937.16], [1.0027, 3707.64], [1.0028, 5249.3], [1.0029, 2608.19], [1.003, 4841.01]]}
{"type": "orderbook", "ts": "2026-06-02T19:08:16.302024+00:00", "snapshot_idx": 2, "exchange": "bitget", "coin": "USDC", "market": "USDC/USDT", "depth_levels": 20, "best_bid": 1.001, "best_ask": 1.0011, "bid_depth_units": 19575927.0255, "ask_depth_units": 19017245.5213, "bid_vwap": 1.0003198943314835, "ask_vwap": 1.0022562138360076, "imbalance": 0.507238, "slippage_bps": {"sell_1000": 0.0, "buy_1000": 0.0, "sell_5000": 0.0, "buy_5000": 0.0, "sell_10000": 0.0, "buy_10000": 0.0, "sell_50000": 0.0, "buy_50000": 0.0}, "bids_raw": [[1.001, 3320886.3102], [1.0009, 3662711.1242], [1.0008, 2142.4465], [1.0007, 599.4681], [1.0006, 3313.1304], [1.0005, 1293662.0024], [1.0004, 931.6273], [1.0003, 1046460.7832], [1.0002, 1931290.9202], [1.0001, 864405.7858], [1.0, 4299733.9707], [0.9999, 953411.3162], [0.9998, 202040.4753], [0.9997, 835.3468], [0.9996, 12316.0427], [0.9995, 17025.0965], [0.9993, 1068081.7313], [0.9992, 579.986], [0.999, 895495.025], [0.9988, 4.4367]], "asks_raw": [[1.0011, 873730.6269], [1.0012, 4491937.7646], [1.0013, 2347301.1741], [1.0014, 2041867.1101], [1.0015, 105.3352], [1.0016, 37.13], [1.0017, 1000.0], [1.0018, 889336.9105], [1.002, 851.0817], [1.0021, 1581139.0], [1.0022, 1736677.0], [1.0023, 1792.746], [1.0026, 662837.0], [1.0035, 70.0365], [1.0037, 839118.0], [1.0038, 713322.0], [1.004, 1.1035], [1.0044, 1.5022], [1.005, 1955046.0], [1.0052, 881074.0]]}
{"type": "orderbook", "ts": "2026-06-02T19:08:16.302024+00:00", "snapshot_idx": 2, "exchange": "mexc", "coin": "USDC", "market": "USDC/USDT", "depth_levels": 20, "best_bid": 1.00114, "best_ask": 1.00115, "bid_depth_units": 36082672.72, "ask_depth_units": 16930401.53, "bid_vwap": 1.0010717280491521, "ask_vwap": 1.0011747829643942, "imbalance": 0.680637, "slippage_bps": {"sell_1000": 0.0, "buy_1000": 0.0, "sell_5000": 0.0, "buy_5000": 0.0, "sell_10000": 0.0, "buy_10000": 0.0, "sell_50000": 0.0, "buy_50000": 0.0}, "bids_raw": [[1.00114, 4796082.08], [1.00113, 1655359.13], [1.00112, 3054950.82], [1.00111, 2213425.01], [1.0011, 290907.69], [1.00109, 2430712.13], [1.00108, 2574408.57], [1.00107, 2150323.01], [1.00106, 4649789.18], [1.00105, 2070286.02], [1.00104, 379544.04], [1.00103, 283057.98], [1.00102, 4044853.06], [1.00101, 707254.03], [1.001, 4574544.75], [1.00099, 8563.05], [1.00098, 98291.03], [1.00097, 313.06], [1.00096, 703.04], [1.00095, 99305.04]], "asks_raw": [[1.00115, 766709.45], [1.00116, 6627203.5], [1.00117, 2607060.13], [1.00118, 2670755.7], [1.00119, 920765.52], [1.0012, 3091285.52], [1.00121, 808.11], [1.00122, 20036.1], [1.00123, 9282.11], [1.00124, 15047.82], [1.00125, 10240.27], [1.00126, 331.39], [1.00127, 110074.4], [1.00128, 11561.01], [1.00129, 21593.51], [1.0013, 32116.65], [1.00131, 15113.24], [1.00132, 114.55], [1.00133, 115.78], [1.00134, 186.77]]}
{"type": "orderbook", "ts": "2026-06-02T19:08:16.302024+00:00", "snapshot_idx": 2, "exchange": "htx", "coin": "USDC", "market": "USDC/USDT", "depth_levels": 20, "best_bid": 1.0009, "best_ask": 1.001, "bid_depth_units": 376605.4298, "ask_depth_units": 2674290.0636, "bid_vwap": 1.0006219891488404, "ask_vwap": 1.0017228507302263, "imbalance": 0.123441, "slippage_bps": {"sell_1000": 0.0, "buy_1000": 0.0, "sell_5000": 0.0, "buy_5000": 0.0, "sell_10000": 0.0, "buy_10000": 0.0, "sell_50000": 0.0, "buy_50000": 0.0}, "bids_raw": [[1.0009, 86.6091], [1.0008, 160834.5605], [1.0007, 160125.0773], [1.0006, 1500.5421], [1.0005, 5347.6279], [1.0004, 3432.7313], [1.0003, 4271.8888], [1.0002, 1590.6835], [1.0001, 2691.4713], [1.0, 1638.6103], [0.9999, 403.7209], [0.9998, 52.0507], [0.9997, 7744.7185], [0.9996, 26062.9622], [0.9995, 129.4459], [0.9994, 210.3958], [0.9993, 95.654], [0.9992, 96.7206], [0.9991, 198.943], [0.999, 91.0161]], "asks_raw": [[1.001, 129.142], [1.0011, 21084.7211], [1.0012, 812279.7273], [1.0013, 190160.1153], [1.0014, 180184.1137], [1.0015, 89152.908], [1.0016, 4623.3535], [1.0017, 88257.987], [1.0018, 34353.1616], [1.0019, 10.0], [1.002, 163219.4533], [1.0021, 288884.8314], [1.0022, 211895.0413], [1.0023, 589556.3097], [1.0024, 108.9929], [1.0026, 97.8338], [1.0033, 41.2164], [1.0036, 97.8338], [1.0039, 44.3286], [1.004, 108.9929]]}
{"type": "orderbook", "ts": "2026-06-02T19:08:16.302024+00:00", "snapshot_idx": 2, "exchange": "coinbase", "coin": "USDC", "market": "USDC/USD", "error": "coinbase does not have market symbol USDC/USD"}
{"type": "orderbook", "ts": "2026-06-02T19:08:16.302024+00:00", "snapshot_idx": 2, "exchange": "phemex", "coin": "USDC", "market": "USDC/USDT", "depth_levels": 20, "best_bid": 1.001, "best_ask": 1.0013, "bid_depth_units": 2830391.91, "ask_depth_units": 2482512.07, "bid_vwap": 0.998676386781716, "ask_vwap": 1.0037877125676975, "imbalance": 0.532739, "slippage_bps": {"sell_1000": 0.0, "buy_1000": 0.0, "sell_5000": 0.0, "buy_5000": 0.0, "sell_10000": 0.0, "buy_10000": 0.0, "sell_50000": 0.0, "buy_50000": 0.0}, "bids_raw": [[1.001, 657888.29], [1.0008, 98028.85], [1.0, 4288.32], [0.9998, 97504.81], [0.9991, 88575.71], [0.999, 193527.93], [0.9988, 208882.14], [0.9987, 107724.85], [0.9983, 186581.46], [0.9981, 119265.29], [0.998, 58717.53], [0.9977, 58832.64], [0.9976, 144591.26], [0.9975, 301280.07], [0.9974, 39046.61], [0.9973, 74547.57], [0.9969, 62951.53], [0.9968, 76360.52], [0.9965, 19417.48], [0.9953, 232379.05]], "asks_raw": [[1.0013, 562359.82], [1.0017, 88.66], [1.0018, 985.03], [1.0022, 109975.45], [1.0025, 85860.67], [1.0028, 124287.75], [1.003, 101997.57], [1.0042, 30371.43], [1.0044, 205944.23], [1.0045, 30951.66], [1.0046, 114170.24], [1.0047, 314461.77], [1.0048, 279054.28], [1.0049, 82907.21], [1.005, 169622.91], [1.0059, 20995.78], [1.006, 101.94], [1.0066, 157213.97], [1.0068, 16310.58], [1.0069, 74851.12]]}
{"type": "orderbook", "ts": "2026-06-02T19:08:16.302024+00:00", "snapshot_idx": 2, "exchange": "binance", "coin": "DAI", "market": "DAI/USDT", "depth_levels": 20, "best_bid": null, "best_ask": null, "bid_depth_units": 0.0, "ask_depth_units": 0.0, "bid_vwap": null, "ask_vwap": null, "imbalance": 0.5, "slippage_bps": {"sell_1000": null, "buy_1000": null, "sell_5000": null, "buy_5000": null, "sell_10000": null, "buy_10000": null, "sell_50000": null, "buy_50000": null}, "bids_raw": [], "asks_raw": []}
{"type": "orderbook", "ts": "2026-06-02T19:08:16.302024+00:00", "snapshot_idx": 2, "exchange": "kucoin", "coin": "DAI", "market": "USDT/DAI", "error": "kucoin does not have market symbol USDT/DAI"}
{"type": "orderbook", "ts": "2026-06-02T19:08:16.302024+00:00", "snapshot_idx": 2, "exchange": "bybit", "coin": "DAI", "market": "DAI/USDT", "error": "bybit does not have market symbol DAI/USDT"}
{"type": "orderbook", "ts": "2026-06-02T19:08:16.302024+00:00", "snapshot_idx": 2, "exchange": "gateio", "coin": "DAI", "market": "DAI/USDT", "error": "gateio does not have market symbol DAI/USDT"}
{"type": "orderbook", "ts": "2026-06-02T19:08:16.302024+00:00", "snapshot_idx": 2, "exchange": "mexc", "coin": "DAI", "market": "DAI/USDT", "error": "mexc does not have market symbol DAI/USDT"}
{"type": "orderbook", "ts": "2026-06-02T19:08:16.302024+00:00", "snapshot_idx": 2, "exchange": "htx", "coin": "DAI", "market": "DAI/USDT", "error": "htx {\"ts\":1780427303214,\"status\":\"error\",\"err-code\":\"invalid-parameter\",\"err-msg\":\"invalid symbol\"}"}
{"type": "orderbook", "ts": "2026-06-02T19:08:16.302024+00:00", "snapshot_idx": 2, "exchange": "binance", "coin": "TUSD", "market": "TUSD/USDT", "depth_levels": 20, "best_bid": 0.9997, "best_ask": 0.9998, "bid_depth_units": 1200403.0, "ask_depth_units": 559493.0, "bid_vwap": 0.9990552595253429, "ask_vwap": 1.0004936787412888, "imbalance": 0.682087, "slippage_bps": {"sell_1000": 0.0, "buy_1000": 0.0, "sell_5000": 0.0, "buy_5000": 0.0, "sell_10000": 0.0, "buy_10000": 0.0, "sell_50000": 0.0, "buy_50000": 0.0}, "bids_raw": [[0.9997, 135377.0], [0.9996, 102138.0], [0.9995, 301518.0], [0.9994, 518.0], [0.9993, 18.0], [0.9992, 100018.0], [0.9991, 18.0], [0.999, 200024.0], [0.9989, 24.0], [0.9988, 24.0], [0.9987, 18.0], [0.9986, 18.0], [0.9985, 200018.0], [0.9984, 18.0], [0.9983, 18.0], [0.9982, 18.0], [0.9981, 18.0], [0.998, 160552.0], [0.9979, 24.0], [0.9978, 24.0]], "asks_raw": [[0.9998, 671.0], [0.9999, 2068.0], [1.0, 7766.0], [1.0001, 76036.0], [1.0002, 74089.0], [1.0003, 50764.0], [1.0004, 51744.0], [1.0005, 100744.0], [1.0006, 42738.0], [1.0007, 70723.0], [1.0008, 738.0], [1.0009, 70424.0], [1.001, 417.0], [1.0011, 178.0], [1.0012, 18.0], [1.002, 200.0], [1.0027, 10019.0], [1.0033, 28.0], [1.004, 100.0], [1.0047, 28.0]]}
{"type": "orderbook", "ts": "2026-06-02T19:08:16.302024+00:00", "snapshot_idx": 2, "exchange": "binance", "coin": "FDUSD", "market": "FDUSD/USDT", "depth_levels": 20, "best_bid": 0.9988, "best_ask": 0.9989, "bid_depth_units": 6667739.0, "ask_depth_units": 9209242.0, "bid_vwap": 0.9982931858460568, "ask_vwap": 0.9995964547353625, "imbalance": 0.419963, "slippage_bps": {"sell_1000": 0.0, "buy_1000": 0.0, "sell_5000": 0.0, "buy_5000": 0.0, "sell_10000": 0.0, "buy_10000": 0.0, "sell_50000": 0.0, "buy_50000": 0.0}, "bids_raw": [[0.9988, 197868.0], [0.9987, 396525.0], [0.9986, 667132.0], [0.9985, 1036589.0], [0.9984, 902889.0], [0.9983, 793720.0], [0.9982, 1047098.0], [0.9981, 401150.0], [0.998, 438419.0], [0.9979, 150884.0], [0.9978, 67515.0], [0.9977, 350938.0], [0.9976, 154134.0], [0.9975, 11390.0], [0.9974, 2216.0], [0.9973, 3097.0], [0.9972, 2664.0], [0.9971, 24058.0], [0.997, 15455.0], [0.9969, 3998.0]], "asks_raw": [[0.9989, 537567.0], [0.999, 337709.0], [0.9991, 801555.0], [0.9992, 935123.0], [0.9993, 1406026.0], [0.9994, 495010.0], [0.9995, 483237.0], [0.9996, 55194.0], [0.9997, 43450.0], [0.9998, 108982.0], [0.9999, 743224.0], [1.0, 1152311.0], [1.0001, 1031661.0], [1.0002, 1013526.0], [1.0003, 17713.0], [1.0004, 7497.0], [1.0005, 19938.0], [1.0006, 17253.0], [1.0007, 589.0], [1.0008, 1677.0]]}
{"type": "orderbook", "ts": "2026-06-02T19:08:16.302024+00:00", "snapshot_idx": 2, "exchange": "binance", "coin": "BUSD", "market": "BUSD/USDT", "depth_levels": 20, "best_bid": null, "best_ask": null, "bid_depth_units": 0.0, "ask_depth_units": 0.0, "bid_vwap": null, "ask_vwap": null, "imbalance": 0.5, "slippage_bps": {"sell_1000": null, "buy_1000": null, "sell_5000": null, "buy_5000": null, "sell_10000": null, "buy_10000": null, "sell_50000": null, "buy_50000": null}, "bids_raw": [], "asks_raw": []}
{"type": "orderbook", "ts": "2026-06-02T19:08:16.302024+00:00", "snapshot_idx": 2, "exchange": "binance", "coin": "USDP", "market": "USDP/USDT", "depth_levels": 20, "best_bid": 1.0006, "best_ask": 1.0007, "bid_depth_units": 138945.0, "ask_depth_units": 114020.0, "bid_vwap": 0.9994723977113246, "ask_vwap": 1.003120915628837, "imbalance": 0.549266, "slippage_bps": {"sell_1000": 0.0, "buy_1000": 0.0, "sell_5000": 0.0, "buy_5000": 0.0, "sell_10000": 0.0, "buy_10000": 0.0, "sell_50000": 0.0, "buy_50000": 0.0}, "bids_raw": [[1.0006, 4215.0], [1.0005, 5561.0], [1.0004, 6.0], [1.0003, 505.0], [1.0002, 9356.0], [1.0001, 17.0], [1.0, 17.0], [0.9999, 17.0], [0.9998, 11713.0], [0.9997, 20006.0], [0.9996, 6.0], [0.9995, 9264.0], [0.9994, 13964.0], [0.9993, 6.0], [0.9992, 6.0], [0.9991, 50135.0], [0.999, 14133.0], [0.9989, 6.0], [0.9988, 6.0], [0.9987, 6.0]], "asks_raw": [[1.0007, 2473.0], [1.0008, 543.0], [1.0009, 38.0], [1.001, 34.0], [1.0011, 194.0], [1.0012, 2798.0], [1.0013, 6.0], [1.0014, 5017.0], [1.0015, 5005.0], [1.0016, 3664.0], [1.0021, 4876.0], [1.0025, 5972.0], [1.0027, 242.0], [1.0029, 6022.0], [1.0033, 6219.0], [1.0036, 50123.0], [1.0037, 6850.0], [1.0041, 6810.0], [1.0045, 6941.0], [1.0046, 193.0]]}
{"type": "orderbook", "ts": "2026-06-02T19:08:16.302024+00:00", "snapshot_idx": 2, "exchange": "binance", "coin": "GUSD", "market": "GUSD/USDT", "error": "binance does not have market symbol GUSD/USDT"}
{"type": "orderbook", "ts": "2026-06-02T19:09:16.893556+00:00", "snapshot_idx": 3, "exchange": "binance", "coin": "USDT", "market": "USDC/USDT", "depth_levels": 20, "best_bid": 1.00114, "best_ask": 1.00115, "bid_depth_units": 29178115.0, "ask_depth_units": 9545765.0, "bid_vwap": 1.001049697724476, "ask_vwap": 1.0011727222616522, "imbalance": 0.753492, "slippage_bps": {"sell_1000": 0.0, "buy_1000": 0.0, "sell_5000": 0.0, "buy_5000": 0.0, "sell_10000": 0.0, "buy_10000": 0.0, "sell_50000": 0.0, "buy_50000": 0.0}, "bids_raw": [[1.00114, 1782670.0], [1.00113, 1188671.0], [1.00112, 973577.0], [1.00111, 865988.0], [1.0011, 247833.0], [1.00109, 1334426.0], [1.00108, 1239924.0], [1.00107, 1028571.0], [1.00106, 5187839.0], [1.00105, 2060264.0], [1.00104, 375063.0], [1.00103, 271031.0], [1.00102, 4019301.0], [1.00101, 707233.0], [1.001, 7688559.0], [1.00099, 8561.0], [1.00098, 98289.0], [1.00097, 311.0], [1.00096, 702.0], [1.00095, 99302.0]], "asks_raw": [[1.00115, 121144.0], [1.00116, 5368817.0], [1.00117, 1190468.0], [1.00118, 875158.0], [1.00119, 398545.0], [1.0012, 1343907.0], [1.00121, 355.0], [1.00122, 6033.0], [1.00123, 9255.0], [1.00124, 15993.0], [1.00125, 30184.0], [1.00126, 41.0], [1.00127, 110033.0], [1.00128, 8499.0], [1.00129, 20041.0], [1.0013, 32032.0], [1.00131, 15051.0], [1.00132, 51.0], [1.00133, 56.0], [1.00134, 102.0]]}
{"type": "orderbook", "ts": "2026-06-02T19:09:16.893556+00:00", "snapshot_idx": 3, "exchange": "kraken", "coin": "USDT", "market": "USDT/USD", "error": "too many values to unpack (expected 2)"}
{"type": "orderbook", "ts": "2026-06-02T19:09:16.893556+00:00", "snapshot_idx": 3, "exchange": "kucoin", "coin": "USDT", "market": "USDT/USDC", "depth_levels": 20, "best_bid": 0.9987, "best_ask": 0.9988, "bid_depth_units": 355319.6156, "ask_depth_units": 535868.16, "bid_vwap": 0.9980228900786251, "ask_vwap": 0.9994597130495679, "imbalance": 0.398703, "slippage_bps": {"sell_1000": 0.0, "buy_1000": 0.0, "sell_5000": 0.0, "buy_5000": 0.0, "sell_10000": 0.0, "buy_10000": 0.0, "sell_50000": 0.0, "buy_50000": 0.0}, "bids_raw": [[0.9987, 240765.2356], [0.9986, 17720.34], [0.9985, 11175.09], [0.9984, 3072.0], [0.9983, 7672.38], [0.9982, 4587.04], [0.9979, 7395.0], [0.9977, 1756.18], [0.9976, 9614.0], [0.9974, 7395.0], [0.9972, 11833.0], [0.997, 11833.0], [0.996, 0.11], [0.994, 98.69], [0.9929, 2515.35], [0.9913, 480.0], [0.9904, 6226.82], [0.9903, 10635.43], [0.9901, 23.6], [0.9896, 521.35]], "asks_raw": [[0.9988, 63798.63], [0.9989, 24409.75], [0.999, 245012.37], [0.9991, 7125.0], [0.9992, 10875.32], [0.9993, 2446.0], [0.9994, 3165.0], [0.9996, 1494.45], [0.9997, 33700.64], [1.0, 9375.0], [1.0001, 62190.07], [1.0007, 11250.0], [1.0009, 28713.8], [1.001, 7500.0], [1.0013, 11250.0], [1.0017, 12816.0], [1.0022, 0.11], [1.0056, 252.5], [1.0062, 480.0], [1.0068, 13.52]]}
{"type": "orderbook", "ts": "2026-06-02T19:09:16.893556+00:00", "snapshot_idx": 3, "exchange": "bybit", "coin": "USDT", "market": "USDC/USDT", "depth_levels": 20, "best_bid": 1.0011, "best_ask": 1.0012, "bid_depth_units": 29417626.97, "ask_depth_units": 19136206.2, "bid_vwap": 1.0009252511330964, "ask_vwap": 1.001337408303951, "imbalance": 0.605877, "slippage_bps": {"sell_1000": 0.0, "buy_1000": 0.0, "sell_5000": 0.0, "buy_5000": 0.0, "sell_10000": 0.0, "buy_10000": 0.0, "sell_50000": 0.0, "buy_50000": 0.0}, "bids_raw": [[1.0011, 7810939.91], [1.001, 15292595.87], [1.0009, 2363330.88], [1.0008, 95588.88], [1.0007, 1067564.4], [1.0006, 160215.83], [1.0005, 1021360.93], [1.0004, 92305.94], [1.0003, 21894.22], [1.0002, 147204.11], [1.0001, 34189.59], [1.0, 562970.84], [0.9999, 101134.87], [0.9998, 28670.91], [0.9997, 36534.84], [0.9996, 403096.32], [0.9995, 65688.64], [0.9994, 37796.44], [0.9993, 33422.27], [0.9992, 41121.28]], "asks_raw": [[1.0012, 6993160.56], [1.0013, 4225413.68], [1.0014, 5023116.42], [1.0015, 1526735.56], [1.0016, 521941.66], [1.0017, 635750.13], [1.0018, 27921.82], [1.0019, 58141.57], [1.002, 31717.71], [1.0021, 10916.92], [1.0022, 5149.64], [1.0023, 2503.0], [1.0024, 3.0], [1.0025, 27003.0], [1.0026, 976.73], [1.0027, 3.0], [1.0028, 5003.0], [1.0029, 7503.0], [1.003, 33242.8], [1.0031, 3.0]]}
{"type": "orderbook", "ts": "2026-06-02T19:09:16.893556+00:00", "snapshot_idx": 3, "exchange": "okx", "coin": "USDT", "market": "USDC/USDT", "error": "too many values to unpack (expected 2)"}
{"type": "orderbook", "ts": "2026-06-02T19:09:16.893556+00:00", "snapshot_idx": 3, "exchange": "gateio", "coin": "USDT", "market": "USDC/USDT", "depth_levels": 20, "best_bid": 1.0009, "best_ask": 1.001, "bid_depth_units": 658525.56, "ask_depth_units": 3094054.68, "bid_vwap": 1.000715840718468, "ask_vwap": 1.0012162818237589, "imbalance": 0.175486, "slippage_bps": {"sell_1000": 0.0, "buy_1000": 0.0, "sell_5000": 0.0, "buy_5000": 0.0, "sell_10000": 0.0, "buy_10000": 0.0, "sell_50000": 0.0, "buy_50000": 0.0}, "bids_raw": [[1.0009, 553587.2], [1.0008, 1048.67], [1.0007, 1032.94], [1.0006, 4811.0], [1.0005, 1099.93], [1.0004, 6218.16], [1.0003, 1000.0], [1.0002, 7683.46], [1.0, 8085.17], [0.9999, 8653.64], [0.9998, 8149.58], [0.9997, 10115.38], [0.9996, 7471.48], [0.9995, 9617.11], [0.9994, 7521.26], [0.9993, 7566.53], [0.9992, 7045.78], [0.9991, 4784.8], [0.999, 2645.44], [0.9989, 388.03]], "asks_raw": [[1.001, 194380.61], [1.0011, 47885.92], [1.0012, 2655916.92], [1.0013, 94227.55], [1.0015, 31914.55], [1.0016, 548.59], [1.0017, 1775.98], [1.0018, 11065.89], [1.0019, 5798.48], [1.002, 10299.21], [1.0021, 2677.37], [1.0022, 4842.35], [1.0023, 2854.94], [1.0024, 4932.65], [1.0025, 3590.37], [1.0026, 4937.16], [1.0027, 3707.64], [1.0028, 5249.3], [1.0029, 2608.19], [1.003, 4841.01]]}
{"type": "orderbook", "ts": "2026-06-02T19:09:16.893556+00:00", "snapshot_idx": 3, "exchange": "bitget", "coin": "USDT", "market": "USDC/USDT", "depth_levels": 20, "best_bid": 1.001, "best_ask": 1.0011, "bid_depth_units": 19574259.2316, "ask_depth_units": 19012910.222, "bid_vwap": 1.000319836384152, "ask_vwap": 1.0022564774743974, "imbalance": 0.507274, "slippage_bps": {"sell_1000": 0.0, "buy_1000": 0.0, "sell_5000": 0.0, "buy_5000": 0.0, "sell_10000": 0.0, "buy_10000": 0.0, "sell_50000": 0.0, "buy_50000": 0.0}, "bids_raw": [[1.001, 3319218.5163], [1.0009, 3662711.1242], [1.0008, 2142.4465], [1.0007, 599.4681], [1.0006, 3313.1304], [1.0005, 1293662.0024], [1.0004, 931.6273], [1.0003, 1046460.7832], [1.0002, 1931290.9202], [1.0001, 864405.7858], [1.0, 4299733.9707], [0.9999, 953411.3162], [0.9998, 202040.4753], [0.9997, 835.3468], [0.9996, 12316.0427], [0.9995, 17025.0965], [0.9993, 1068081.7313], [0.9992, 579.986], [0.999, 895495.025], [0.9988, 4.4367]], "asks_raw": [[1.0011, 869395.3276], [1.0012, 4491937.7646], [1.0013, 2347301.1741], [1.0014, 2041867.1101], [1.0015, 105.3352], [1.0016, 37.13], [1.0017, 1000.0], [1.0018, 889336.9105], [1.002, 851.0817], [1.0021, 1581139.0], [1.0022, 1736677.0], [1.0023, 1792.746], [1.0026, 662837.0], [1.0035, 70.0365], [1.0037, 839118.0], [1.0038, 713322.0], [1.004, 1.1035], [1.0044, 1.5022], [1.005, 1955046.0], [1.0052, 881074.0]]}
{"type": "orderbook", "ts": "2026-06-02T19:09:16.893556+00:00", "snapshot_idx": 3, "exchange": "mexc", "coin": "USDT", "market": "USDC/USDT", "depth_levels": 20, "best_bid": 1.00114, "best_ask": 1.00115, "bid_depth_units": 34951173.62, "ask_depth_units": 16625252.29, "bid_vwap": 1.0010717645233453, "ask_vwap": 1.0011753020369834, "imbalance": 0.677658, "slippage_bps": {"sell_1000": 0.0, "buy_1000": 0.0, "sell_5000": 0.0, "buy_5000": 0.0, "sell_10000": 0.0, "buy_10000": 0.0, "sell_50000": 0.0, "buy_50000": 0.0}, "bids_raw": [[1.00114, 4786408.59], [1.00113, 1655379.36], [1.00112, 3054876.21], [1.00111, 2213404.78], [1.0011, 290907.69], [1.00109, 2430712.13], [1.00108, 2574408.57], [1.00107, 1028572.01], [1.00106, 4649789.18], [1.00105, 2070286.02], [1.00104, 379544.04], [1.00103, 283057.98], [1.00102, 4044853.06], [1.00101, 707254.03], [1.001, 4574544.75], [1.00099, 8563.05], [1.00098, 98291.03], [1.00097, 313.06], [1.00096, 703.04], [1.00095, 99305.04]], "asks_raw": [[1.00115, 454361.21], [1.00116, 6627203.5], [1.00117, 2607060.13], [1.00118, 2670755.7], [1.00119, 921965.52], [1.0012, 3091285.52], [1.00121, 808.11], [1.00122, 6059.1], [1.00123, 9282.11], [1.00124, 15047.82], [1.00125, 30216.27], [1.00126, 331.39], [1.00127, 110074.4], [1.00128, 11561.01], [1.00129, 21593.51], [1.0013, 32116.65], [1.00131, 15113.24], [1.00132, 114.55], [1.00133, 115.78], [1.00134, 186.77]]}
{"type": "orderbook", "ts": "2026-06-02T19:09:16.893556+00:00", "snapshot_idx": 3, "exchange": "htx", "coin": "USDT", "market": "USDC/USDT", "depth_levels": 20, "best_bid": 1.0009, "best_ask": 1.001, "bid_depth_units": 376605.4298, "ask_depth_units": 2674268.0677, "bid_vwap": 1.0006219891488404, "ask_vwap": 1.0017228451591964, "imbalance": 0.123442, "slippage_bps": {"sell_1000": 0.0, "buy_1000": 0.0, "sell_5000": 0.0, "buy_5000": 0.0, "sell_10000": 0.0, "buy_10000": 0.0, "sell_50000": 0.0, "buy_50000": 0.0}, "bids_raw": [[1.0009, 86.6091], [1.0008, 160834.5605], [1.0007, 160125.0773], [1.0006, 1500.5421], [1.0005, 5347.6279], [1.0004, 3432.7313], [1.0003, 4271.8888], [1.0002, 1590.6835], [1.0001, 2691.4713], [1.0, 1638.6103], [0.9999, 403.7209], [0.9998, 52.0507], [0.9997, 7744.7185], [0.9996, 26062.9622], [0.9995, 129.4459], [0.9994, 210.3958], [0.9993, 95.654], [0.9992, 96.7206], [0.9991, 198.943], [0.999, 91.0161]], "asks_raw": [[1.001, 129.142], [1.0011, 21084.7219], [1.0012, 812279.7295], [1.0013, 190160.1145], [1.0014, 180184.1136], [1.0015, 89152.9084], [1.0016, 4623.3535], [1.0017, 88257.9876], [1.0018, 34353.1619], [1.0019, 10.0], [1.002, 163219.4536], [1.0021, 288884.832], [1.0022, 211917.0411], [1.0023, 589512.3097], [1.0024, 108.9929], [1.0026, 97.8338], [1.0033, 41.2164], [1.0036, 97.8338], [1.0039, 44.3286], [1.004, 108.9929]]}
{"type": "orderbook", "ts": "2026-06-02T19:09:16.893556+00:00", "snapshot_idx": 3, "exchange": "cryptocom", "coin": "USDT", "market": "USDC/USDT", "error": "cryptocom does not have market symbol USDC/USDT"}
{"type": "orderbook", "ts": "2026-06-02T19:09:16.893556+00:00", "snapshot_idx": 3, "exchange": "phemex", "coin": "USDT", "market": "USDC/USDT", "depth_levels": 20, "best_bid": 1.001, "best_ask": 1.0013, "bid_depth_units": 2817444.91, "ask_depth_units": 2458283.85, "bid_vwap": 0.9986657090856835, "ask_vwap": 1.0038122308296495, "imbalance": 0.534039, "slippage_bps": {"sell_1000": 0.0, "buy_1000": 0.0, "sell_5000": 0.0, "buy_5000": 0.0, "sell_10000": 0.0, "buy_10000": 0.0, "sell_50000": 0.0, "buy_50000": 0.0}, "bids_raw": [[1.001, 644941.29], [1.0008, 98028.85], [1.0, 4288.32], [0.9998, 97504.81], [0.9991, 88575.71], [0.999, 193527.93], [0.9988, 208882.14], [0.9987, 107724.85], [0.9983, 186581.46], [0.9981, 119265.29], [0.998, 58717.53], [0.9977, 58832.64], [0.9976, 144591.26], [0.9975, 301280.07], [0.9974, 39046.61], [0.9973, 74547.57], [0.9969, 62951.53], [0.9968, 76360.52], [0.9965, 19417.48], [0.9953, 232379.05]], "asks_raw": [[1.0013, 538131.6], [1.0017, 88.66], [1.0018, 985.03], [1.0022, 109975.45], [1.0025, 85860.67], [1.0028, 124287.75], [1.003, 101997.57], [1.0042, 30371.43], [1.0044, 205944.23], [1.0045, 30951.66], [1.0046, 114170.24], [1.0047, 314461.77], [1.0048, 279054.28], [1.0049, 82907.21], [1.005, 169622.91], [1.0059, 20995.78], [1.006, 101.94], [1.0066, 157213.97], [1.0068, 16310.58], [1.0069, 74851.12]]}
{"type": "orderbook", "ts": "2026-06-02T19:09:16.893556+00:00", "snapshot_idx": 3, "exchange": "binance", "coin": "USDC", "market": "USDC/USDT", "depth_levels": 20, "best_bid": 1.00114, "best_ask": 1.00115, "bid_depth_units": 29171476.0, "ask_depth_units": 9602999.0, "bid_vwap": 1.001049683343414, "ask_vwap": 1.0011729618632679, "imbalance": 0.752337, "slippage_bps": {"sell_1000": 0.0, "buy_1000": 0.0, "sell_5000": 0.0, "buy_5000": 0.0, "sell_10000": 0.0, "buy_10000": 0.0, "sell_50000": 0.0, "buy_50000": 0.0}, "bids_raw": [[1.00114, 1782031.0], [1.00113, 1188671.0], [1.00112, 973577.0], [1.00111, 859988.0], [1.0011, 247833.0], [1.00109, 1334426.0], [1.00108, 1239924.0], [1.00107, 1028571.0], [1.00106, 5187839.0], [1.00105, 2060264.0], [1.00104, 375063.0], [1.00103, 271031.0], [1.00102, 4019301.0], [1.00101, 707233.0], [1.001, 7688559.0], [1.00099, 8561.0], [1.00098, 98289.0], [1.00097, 311.0], [1.00096, 702.0], [1.00095, 99302.0]], "asks_raw": [[1.00115, 118355.0], [1.00116, 5368817.0], [1.00117, 1190468.0], [1.00118, 875158.0], [1.00119, 398545.0], [1.0012, 1343907.0], [1.00121, 60378.0], [1.00122, 6033.0], [1.00123, 9255.0], [1.00124, 15993.0], [1.00125, 30184.0], [1.00126, 41.0], [1.00127, 110033.0], [1.00128, 8499.0], [1.00129, 20041.0], [1.0013, 32032.0], [1.00131, 15051.0], [1.00132, 51.0], [1.00133, 56.0], [1.00134, 102.0]]}
{"type": "orderbook", "ts": "2026-06-02T19:09:16.893556+00:00", "snapshot_idx": 3, "exchange": "kucoin", "coin": "USDC", "market": "USDC/USDT", "depth_levels": 20, "best_bid": 1.001, "best_ask": 1.0011, "bid_depth_units": 1356594.46, "ask_depth_units": 2118811.06, "bid_vwap": 1.0009315781268928, "ask_vwap": 1.0011177780523761, "imbalance": 0.390341, "slippage_bps": {"sell_1000": 0.0, "buy_1000": 0.0, "sell_5000": 0.0, "buy_5000": 0.0, "sell_10000": 0.0, "buy_10000": 0.0, "sell_50000": 0.0, "buy_50000": 0.0}, "bids_raw": [[1.001, 1243243.53], [1.0009, 32093.84], [1.0008, 1042.83], [1.0007, 4013.27], [1.0006, 6395.53], [1.0003, 2804.04], [1.0002, 312.18], [1.0001, 835.0], [1.0, 43478.86], [0.9999, 1250.0], [0.9998, 1887.47], [0.9997, 3206.0], [0.9996, 3759.0], [0.9995, 1875.0], [0.9994, 5.56], [0.9992, 529.45], [0.9991, 120.17], [0.999, 908.87], [0.9989, 55.26], [0.9987, 8778.6]], "asks_raw": [[1.0011, 2052219.24], [1.0012, 35995.11], [1.0014, 7415.81], [1.0015, 173.81], [1.0016, 8286.04], [1.0017, 1564.8], [1.0019, 520.49], [1.0029, 11466.72], [1.003, 0.37], [1.0041, 28.54], [1.0042, 0.1], [1.0046, 1.32], [1.005, 7.55], [1.0051, 799.2], [1.0052, 7.65], [1.0058, 23.07], [1.0064, 30.84], [1.0073, 3.48], [1.008, 13.42], [1.0086, 253.5]]}
{"type": "orderbook", "ts": "2026-06-02T19:09:16.893556+00:00", "snapshot_idx": 3, "exchange": "bybit", "coin": "USDC", "market": "USDC/USDT", "depth_levels": 20, "best_bid": 1.0011, "best_ask": 1.0012, "bid_depth_units": 29417626.97, "ask_depth_units": 19136034.1, "bid_vwap": 1.0009252511330964, "ask_vwap": 1.0013374095397334, "imbalance": 0.605879, "slippage_bps": {"sell_1000": 0.0, "buy_1000": 0.0, "sell_5000": 0.0, "buy_5000": 0.0, "sell_10000": 0.0, "buy_10000": 0.0, "sell_50000": 0.0, "buy_50000": 0.0}, "bids_raw": [[1.0011, 7810939.91], [1.001, 15292595.87], [1.0009, 2363330.88], [1.0008, 95588.88], [1.0007, 1067564.4], [1.0006, 160215.83], [1.0005, 1021360.93], [1.0004, 92305.94], [1.0003, 21894.22], [1.0002, 147204.11], [1.0001, 34189.59], [1.0, 562970.84], [0.9999, 101134.87], [0.9998, 28670.91], [0.9997, 36534.84], [0.9996, 403096.32], [0.9995, 65688.64], [0.9994, 37796.44], [0.9993, 33422.27], [0.9992, 41121.28]], "asks_raw": [[1.0012, 6992988.46], [1.0013, 4225413.68], [1.0014, 5023116.42], [1.0015, 1526735.56], [1.0016, 521941.66], [1.0017, 635750.13], [1.0018, 27921.82], [1.0019, 58141.57], [1.002, 31717.71], [1.0021, 10916.92], [1.0022, 5149.64], [1.0023, 2503.0], [1.0024, 3.0], [1.0025, 27003.0], [1.0026, 976.73], [1.0027, 3.0], [1.0028, 5003.0], [1.0029, 7503.0], [1.003, 33242.8], [1.0031, 3.0]]}
{"type": "orderbook", "ts": "2026-06-02T19:09:16.893556+00:00", "snapshot_idx": 3, "exchange": "gateio", "coin": "USDC", "market": "USDC/USDT", "depth_levels": 20, "best_bid": 1.0009, "best_ask": 1.001, "bid_depth_units": 658365.57, "ask_depth_units": 3093782.71, "bid_vwap": 1.000715795965758, "ask_vwap": 1.0012163100164848, "imbalance": 0.175464, "slippage_bps": {"sell_1000": 0.0, "buy_1000": 0.0, "sell_5000": 0.0, "buy_5000": 0.0, "sell_10000": 0.0, "buy_10000": 0.0, "sell_50000": 0.0, "buy_50000": 0.0}, "bids_raw": [[1.0009, 553427.21], [1.0008, 1048.67], [1.0007, 1032.94], [1.0006, 4811.0], [1.0005, 1099.93], [1.0004, 6218.16], [1.0003, 1000.0], [1.0002, 7683.46], [1.0, 8085.17], [0.9999, 8653.64], [0.9998, 8149.58], [0.9997, 10115.38], [0.9996, 7471.48], [0.9995, 9617.11], [0.9994, 7521.26], [0.9993, 7566.53], [0.9992, 7045.78], [0.9991, 4784.8], [0.999, 2645.44], [0.9989, 388.03]], "asks_raw": [[1.001, 193966.64], [1.0011, 47885.92], [1.0012, 2656058.92], [1.0013, 94227.55], [1.0015, 31914.55], [1.0016, 548.59], [1.0017, 1775.98], [1.0018, 11065.89], [1.0019, 5798.48], [1.002, 10299.21], [1.0021, 2677.37], [1.0022, 4842.35], [1.0023, 2854.94], [1.0024, 4932.65], [1.0025, 3590.37], [1.0026, 4937.16], [1.0027, 3707.64], [1.0028, 5249.3], [1.0029, 2608.19], [1.003, 4841.01]]}
{"type": "orderbook", "ts": "2026-06-02T19:09:16.893556+00:00", "snapshot_idx": 3, "exchange": "bitget", "coin": "USDC", "market": "USDC/USDT", "depth_levels": 20, "best_bid": 1.001, "best_ask": 1.0011, "bid_depth_units": 19574255.8037, "ask_depth_units": 18959518.6037, "bid_vwap": 1.0003198366657713, "ask_vwap": 1.0022597342134094, "imbalance": 0.507977, "slippage_bps": {"sell_1000": 0.0, "buy_1000": 0.0, "sell_5000": 0.0, "buy_5000": 0.0, "sell_10000": 0.0, "buy_10000": 0.0, "sell_50000": 0.0, "buy_50000": 0.0}, "bids_raw": [[1.001, 3319218.5163], [1.0009, 3662711.1242], [1.0008, 2142.4465], [1.0007, 599.4681], [1.0006, 3313.1304], [1.0005, 1293662.0024], [1.0004, 931.6273], [1.0003, 1046460.7832], [1.0002, 1931290.9202], [1.0001, 864405.7858], [1.0, 4299733.9707], [0.9999, 953411.3162], [0.9998, 202040.4753], [0.9997, 835.3468], [0.9996, 12316.0427], [0.9995, 17025.0965], [0.9993, 1068081.7313], [0.9992, 579.986], [0.9991, 1.0088], [0.999, 895495.025]], "asks_raw": [[1.0011, 816003.7093], [1.0012, 4491937.7646], [1.0013, 2347301.1741], [1.0014, 2041867.1101], [1.0015, 105.3352], [1.0016, 37.13], [1.0017, 1000.0], [1.0018, 889336.9105], [1.002, 851.0817], [1.0021, 1581139.0], [1.0022, 1736677.0], [1.0023, 1792.746], [1.0026, 662837.0], [1.0035, 70.0365], [1.0037, 839118.0], [1.0038, 713322.0], [1.004, 1.1035], [1.0044, 1.5022], [1.005, 1955046.0], [1.0052, 881074.0]]}
{"type": "orderbook", "ts": "2026-06-02T19:09:16.893556+00:00", "snapshot_idx": 3, "exchange": "mexc", "coin": "USDC", "market": "USDC/USDT", "depth_levels": 20, "best_bid": 1.00114, "best_ask": 1.00115, "bid_depth_units": 34951173.62, "ask_depth_units": 16757302.89, "bid_vwap": 1.0010717645233453, "ask_vwap": 1.001175575463254, "imbalance": 0.675927, "slippage_bps": {"sell_1000": 0.0, "buy_1000": 0.0, "sell_5000": 0.0, "buy_5000": 0.0, "sell_10000": 0.0, "buy_10000": 0.0, "sell_50000": 0.0, "buy_50000": 0.0}, "bids_raw": [[1.00114, 4786408.59], [1.00113, 1655379.36], [1.00112, 3054876.21], [1.00111, 2213404.78], [1.0011, 290907.69], [1.00109, 2430712.13], [1.00108, 2574408.57], [1.00107, 1028572.01], [1.00106, 4649789.18], [1.00105, 2070286.02], [1.00104, 379544.04], [1.00103, 283057.98], [1.00102, 4044853.06], [1.00101, 707254.03], [1.001, 4574544.75], [1.00099, 8563.05], [1.00098, 98291.03], [1.00097, 313.06], [1.00096, 703.04], [1.00095, 99305.04]], "asks_raw": [[1.00115, 454361.21], [1.00116, 6627203.5], [1.00117, 2607060.13], [1.00118, 2670755.7], [1.00119, 921965.52], [1.0012, 3091285.52], [1.00121, 132858.71], [1.00122, 6059.1], [1.00123, 9282.11], [1.00124, 15047.82], [1.00125, 30216.27], [1.00126, 331.39], [1.00127, 110074.4], [1.00128, 11561.01], [1.00129, 21593.51], [1.0013, 32116.65], [1.00131, 15113.24], [1.00132, 114.55], [1.00133, 115.78], [1.00134, 186.77]]}
{"type": "orderbook", "ts": "2026-06-02T19:09:16.893556+00:00", "snapshot_idx": 3, "exchange": "htx", "coin": "USDC", "market": "USDC/USDT", "depth_levels": 20, "best_bid": 1.0009, "best_ask": 1.001, "bid_depth_units": 377923.7866, "ask_depth_units": 2674292.0671, "bid_vwap": 1.0006229589673834, "ask_vwap": 1.0017228461887884, "imbalance": 0.123819, "slippage_bps": {"sell_1000": 0.0, "buy_1000": 0.0, "sell_5000": 0.0, "buy_5000": 0.0, "sell_10000": 0.0, "buy_10000": 0.0, "sell_50000": 0.0, "buy_50000": 0.0}, "bids_raw": [[1.0009, 1404.9659], [1.0008, 160834.5605], [1.0007, 160125.0773], [1.0006, 1500.5421], [1.0005, 5347.6279], [1.0004, 3432.7313], [1.0003, 4271.8888], [1.0002, 1590.6835], [1.0001, 2691.4713], [1.0, 1638.6103], [0.9999, 403.7209], [0.9998, 52.0507], [0.9997, 7744.7185], [0.9996, 26062.9622], [0.9995, 129.4459], [0.9994, 210.3958], [0.9993, 95.654], [0.9992, 96.7206], [0.9991, 198.943], [0.999, 91.0161]], "asks_raw": [[1.001, 129.142], [1.0011, 21084.7212], [1.0012, 812279.7276], [1.0013, 190160.1151], [1.0014, 180184.1136], [1.0015, 89152.9081], [1.0016, 4623.3535], [1.0017, 88257.9879], [1.0018, 34353.1621], [1.0019, 10.0], [1.002, 163219.4543], [1.0021, 288884.8317], [1.0022, 212028.0419], [1.0023, 589425.3097], [1.0024, 108.9929], [1.0026, 97.8338], [1.0033, 41.2164], [1.0036, 97.8338], [1.0039, 44.3286], [1.004, 108.9929]]}
{"type": "orderbook", "ts": "2026-06-02T19:09:16.893556+00:00", "snapshot_idx": 3, "exchange": "coinbase", "coin": "USDC", "market": "USDC/USD", "error": "coinbase does not have market symbol USDC/USD"}
{"type": "orderbook", "ts": "2026-06-02T19:09:16.893556+00:00", "snapshot_idx": 3, "exchange": "phemex", "coin": "USDC", "market": "USDC/USDT", "depth_levels": 20, "best_bid": 1.001, "best_ask": 1.0013, "bid_depth_units": 2817444.91, "ask_depth_units": 2458283.85, "bid_vwap": 0.9986657090856835, "ask_vwap": 1.0038122308296495, "imbalance": 0.534039, "slippage_bps": {"sell_1000": 0.0, "buy_1000": 0.0, "sell_5000": 0.0, "buy_5000": 0.0, "sell_10000": 0.0, "buy_10000": 0.0, "sell_50000": 0.0, "buy_50000": 0.0}, "bids_raw": [[1.001, 644941.29], [1.0008, 98028.85], [1.0, 4288.32], [0.9998, 97504.81], [0.9991, 88575.71], [0.999, 193527.93], [0.9988, 208882.14], [0.9987, 107724.85], [0.9983, 186581.46], [0.9981, 119265.29], [0.998, 58717.53], [0.9977, 58832.64], [0.9976, 144591.26], [0.9975, 301280.07], [0.9974, 39046.61], [0.9973, 74547.57], [0.9969, 62951.53], [0.9968, 76360.52], [0.9965, 19417.48], [0.9953, 232379.05]], "asks_raw": [[1.0013, 538131.6], [1.0017, 88.66], [1.0018, 985.03], [1.0022, 109975.45], [1.0025, 85860.67], [1.0028, 124287.75], [1.003, 101997.57], [1.0042, 30371.43], [1.0044, 205944.23], [1.0045, 30951.66], [1.0046, 114170.24], [1.0047, 314461.77], [1.0048, 279054.28], [1.0049, 82907.21], [1.005, 169622.91], [1.0059, 20995.78], [1.006, 101.94], [1.0066, 157213.97], [1.0068, 16310.58], [1.0069, 74851.12]]}
{"type": "orderbook", "ts": "2026-06-02T19:09:16.893556+00:00", "snapshot_idx": 3, "exchange": "binance", "coin": "DAI", "market": "DAI/USDT", "depth_levels": 20, "best_bid": null, "best_ask": null, "bid_depth_units": 0.0, "ask_depth_units": 0.0, "bid_vwap": null, "ask_vwap": null, "imbalance": 0.5, "slippage_bps": {"sell_1000": null, "buy_1000": null, "sell_5000": null, "buy_5000": null, "sell_10000": null, "buy_10000": null, "sell_50000": null, "buy_50000": null}, "bids_raw": [], "asks_raw": []}
{"type": "orderbook", "ts": "2026-06-02T19:09:16.893556+00:00", "snapshot_idx": 3, "exchange": "kucoin", "coin": "DAI", "market": "USDT/DAI", "error": "kucoin does not have market symbol USDT/DAI"}
{"type": "orderbook", "ts": "2026-06-02T19:09:16.893556+00:00", "snapshot_idx": 3, "exchange": "bybit", "coin": "DAI", "market": "DAI/USDT", "error": "bybit does not have market symbol DAI/USDT"}
{"type": "orderbook", "ts": "2026-06-02T19:09:16.893556+00:00", "snapshot_idx": 3, "exchange": "gateio", "coin": "DAI", "market": "DAI/USDT", "error": "gateio does not have market symbol DAI/USDT"}
{"type": "orderbook", "ts": "2026-06-02T19:09:16.893556+00:00", "snapshot_idx": 3, "exchange": "mexc", "coin": "DAI", "market": "DAI/USDT", "error": "mexc does not have market symbol DAI/USDT"}
{"type": "orderbook", "ts": "2026-06-02T19:09:16.893556+00:00", "snapshot_idx": 3, "exchange": "htx", "coin": "DAI", "market": "DAI/USDT", "error": "htx {\"ts\":1780427363365,\"status\":\"error\",\"err-code\":\"invalid-parameter\",\"err-msg\":\"invalid symbol\"}"}
{"type": "orderbook", "ts": "2026-06-02T19:09:16.893556+00:00", "snapshot_idx": 3, "exchange": "binance", "coin": "TUSD", "market": "TUSD/USDT", "depth_levels": 20, "best_bid": 0.9997, "best_ask": 0.9998, "bid_depth_units": 1200403.0, "ask_depth_units": 559493.0, "bid_vwap": 0.9990552595253429, "ask_vwap": 1.0004936787412888, "imbalance": 0.682087, "slippage_bps": {"sell_1000": 0.0, "buy_1000": 0.0, "sell_5000": 0.0, "buy_5000": 0.0, "sell_10000": 0.0, "buy_10000": 0.0, "sell_50000": 0.0, "buy_50000": 0.0}, "bids_raw": [[0.9997, 135377.0], [0.9996, 102138.0], [0.9995, 301518.0], [0.9994, 518.0], [0.9993, 18.0], [0.9992, 100018.0], [0.9991, 18.0], [0.999, 200024.0], [0.9989, 24.0], [0.9988, 24.0], [0.9987, 18.0], [0.9986, 18.0], [0.9985, 200018.0], [0.9984, 18.0], [0.9983, 18.0], [0.9982, 18.0], [0.9981, 18.0], [0.998, 160552.0], [0.9979, 24.0], [0.9978, 24.0]], "asks_raw": [[0.9998, 671.0], [0.9999, 2068.0], [1.0, 7766.0], [1.0001, 76036.0], [1.0002, 74089.0], [1.0003, 50764.0], [1.0004, 51744.0], [1.0005, 100744.0], [1.0006, 42738.0], [1.0007, 70723.0], [1.0008, 738.0], [1.0009, 70424.0], [1.001, 417.0], [1.0011, 178.0], [1.0012, 18.0], [1.002, 200.0], [1.0027, 10019.0], [1.0033, 28.0], [1.004, 100.0], [1.0047, 28.0]]}
{"type": "orderbook", "ts": "2026-06-02T19:09:16.893556+00:00", "snapshot_idx": 3, "exchange": "binance", "coin": "FDUSD", "market": "FDUSD/USDT", "depth_levels": 20, "best_bid": 0.9988, "best_ask": 0.9989, "bid_depth_units": 6668421.0, "ask_depth_units": 8877327.0, "bid_vwap": 0.9982932376795047, "ask_vwap": 0.9996049639942293, "imbalance": 0.428955, "slippage_bps": {"sell_1000": 0.0, "buy_1000": 0.0, "sell_5000": 0.0, "buy_5000": 0.0, "sell_10000": 0.0, "buy_10000": 0.0, "sell_50000": 0.0, "buy_50000": 0.0}, "bids_raw": [[0.9988, 198550.0], [0.9987, 396525.0], [0.9986, 667132.0], [0.9985, 1036589.0], [0.9984, 902889.0], [0.9983, 793720.0], [0.9982, 1047098.0], [0.9981, 401150.0], [0.998, 438419.0], [0.9979, 150884.0], [0.9978, 67515.0], [0.9977, 350938.0], [0.9976, 154134.0], [0.9975, 11390.0], [0.9974, 2216.0], [0.9973, 3097.0], [0.9972, 2664.0], [0.9971, 24058.0], [0.997, 15455.0], [0.9969, 3998.0]], "asks_raw": [[0.9989, 536017.0], [0.999, 332870.0], [0.9991, 760476.0], [0.9992, 855991.0], [0.9993, 1364955.0], [0.9994, 453943.0], [0.9995, 442174.0], [0.9996, 14135.0], [0.9997, 2395.0], [0.9998, 108982.0], [0.9999, 743224.0], [1.0, 1152311.0], [1.0001, 1031661.0], [1.0002, 1013526.0], [1.0003, 17713.0], [1.0004, 7497.0], [1.0005, 19938.0], [1.0006, 17253.0], [1.0007, 589.0], [1.0008, 1677.0]]}
{"type": "orderbook", "ts": "2026-06-02T19:09:16.893556+00:00", "snapshot_idx": 3, "exchange": "binance", "coin": "BUSD", "market": "BUSD/USDT", "depth_levels": 20, "best_bid": null, "best_ask": null, "bid_depth_units": 0.0, "ask_depth_units": 0.0, "bid_vwap": null, "ask_vwap": null, "imbalance": 0.5, "slippage_bps": {"sell_1000": null, "buy_1000": null, "sell_5000": null, "buy_5000": null, "sell_10000": null, "buy_10000": null, "sell_50000": null, "buy_50000": null}, "bids_raw": [], "asks_raw": []}
{"type": "orderbook", "ts": "2026-06-02T19:09:16.893556+00:00", "snapshot_idx": 3, "exchange": "binance", "coin": "USDP", "market": "USDP/USDT", "depth_levels": 20, "best_bid": 1.0006, "best_ask": 1.0007, "bid_depth_units": 138945.0, "ask_depth_units": 114020.0, "bid_vwap": 0.9994723977113246, "ask_vwap": 1.003120915628837, "imbalance": 0.549266, "slippage_bps": {"sell_1000": 0.0, "buy_1000": 0.0, "sell_5000": 0.0, "buy_5000": 0.0, "sell_10000": 0.0, "buy_10000": 0.0, "sell_50000": 0.0, "buy_50000": 0.0}, "bids_raw": [[1.0006, 4215.0], [1.0005, 5561.0], [1.0004, 6.0], [1.0003, 505.0], [1.0002, 9356.0], [1.0001, 17.0], [1.0, 17.0], [0.9999, 17.0], [0.9998, 11713.0], [0.9997, 20006.0], [0.9996, 6.0], [0.9995, 9264.0], [0.9994, 13964.0], [0.9993, 6.0], [0.9992, 6.0], [0.9991, 50135.0], [0.999, 14133.0], [0.9989, 6.0], [0.9988, 6.0], [0.9987, 6.0]], "asks_raw": [[1.0007, 2473.0], [1.0008, 543.0], [1.0009, 38.0], [1.001, 34.0], [1.0011, 194.0], [1.0012, 2798.0], [1.0013, 6.0], [1.0014, 5017.0], [1.0015, 5005.0], [1.0016, 3664.0], [1.0021, 4876.0], [1.0025, 5972.0], [1.0027, 242.0], [1.0029, 6022.0], [1.0033, 6219.0], [1.0036, 50123.0], [1.0037, 6850.0], [1.0041, 6810.0], [1.0045, 6941.0], [1.0046, 193.0]]}
{"type": "orderbook", "ts": "2026-06-02T19:09:16.893556+00:00", "snapshot_idx": 3, "exchange": "binance", "coin": "GUSD", "market": "GUSD/USDT", "error": "binance does not have market symbol GUSD/USDT"}
{"type": "orderbook", "ts": "2026-06-02T19:10:16.318420+00:00", "snapshot_idx": 4, "exchange": "binance", "coin": "USDT", "market": "USDC/USDT", "depth_levels": 20, "best_bid": 1.00113, "best_ask": 1.00114, "bid_depth_units": 30664818.0, "ask_depth_units": 9568122.0, "bid_vwap": 1.0010463939958816, "ask_vwap": 1.0011723193945479, "imbalance": 0.762182, "slippage_bps": {"sell_1000": 0.0, "buy_1000": 0.0, "sell_5000": 0.0, "buy_5000": 0.0, "sell_10000": 0.0, "buy_10000": 0.0, "sell_50000": 0.0, "buy_50000": 0.0}, "bids_raw": [[1.00113, 1122852.0], [1.00112, 973627.0], [1.00111, 865988.0], [1.0011, 267811.0], [1.00109, 1402743.0], [1.00108, 4221107.0], [1.00107, 1028571.0], [1.00106, 5186841.0], [1.00105, 2060264.0], [1.00104, 375063.0], [1.00103, 272369.0], [1.00102, 4019301.0], [1.00101, 707233.0], [1.001, 7688559.0], [1.00099, 8561.0], [1.00098, 98289.0], [1.00097, 311.0], [1.00096, 702.0], [1.00095, 99302.0], [1.00094, 265324.0]], "asks_raw": [[1.00114, 267474.0], [1.00115, 187672.0], [1.00116, 5000218.0], [1.00117, 1190468.0], [1.00118, 875158.0], [1.00119, 398545.0], [1.0012, 1349907.0], [1.00121, 60404.0], [1.00122, 40.0], [1.00123, 9255.0], [1.00124, 15993.0], [1.00125, 30184.0], [1.00126, 41.0], [1.00127, 110033.0], [1.00128, 8499.0], [1.00129, 20041.0], [1.0013, 29032.0], [1.00131, 15051.0], [1.00132, 51.0], [1.00133, 56.0]]}
{"type": "orderbook", "ts": "2026-06-02T19:10:16.318420+00:00", "snapshot_idx": 4, "exchange": "kraken", "coin": "USDT", "market": "USDT/USD", "error": "too many values to unpack (expected 2)"}
{"type": "orderbook", "ts": "2026-06-02T19:10:16.318420+00:00", "snapshot_idx": 4, "exchange": "kucoin", "coin": "USDT", "market": "USDT/USDC", "depth_levels": 20, "best_bid": 0.9987, "best_ask": 0.9988, "bid_depth_units": 354869.7856, "ask_depth_units": 536149.65, "bid_vwap": 0.9980225388163845, "ask_vwap": 0.9994612165428067, "imbalance": 0.398274, "slippage_bps": {"sell_1000": 0.0, "buy_1000": 0.0, "sell_5000": 0.0, "buy_5000": 0.0, "sell_10000": 0.0, "buy_10000": 0.0, "sell_50000": 0.0, "buy_50000": 0.0}, "bids_raw": [[0.9987, 240765.2356], [0.9986, 17720.34], [0.9985, 11175.09], [0.9984, 3072.0], [0.9983, 7222.55], [0.9982, 4587.04], [0.9979, 7395.0], [0.9977, 1756.18], [0.9976, 9614.0], [0.9974, 7395.0], [0.9972, 11833.0], [0.997, 11833.0], [0.996, 0.11], [0.994, 98.69], [0.9929, 2515.35], [0.9913, 480.0], [0.9904, 6226.82], [0.9903, 10635.43], [0.9901, 23.6], [0.9896, 521.35]], "asks_raw": [[0.9988, 63558.12], [0.9989, 24409.75], [0.999, 245012.37], [0.9991, 7125.0], [0.9992, 10875.32], [0.9993, 2446.0], [0.9994, 3165.0], [0.9996, 1494.45], [0.9997, 33700.64], [1.0, 9375.0], [1.0001, 62190.07], [1.0007, 11772.0], [1.0009, 28713.8], [1.001, 7500.0], [1.0013, 11250.0], [1.0017, 12816.0], [1.0022, 0.11], [1.0056, 252.5], [1.0062, 480.0], [1.0068, 13.52]]}
{"type": "orderbook", "ts": "2026-06-02T19:10:16.318420+00:00", "snapshot_idx": 4, "exchange": "bybit", "coin": "USDT", "market": "USDC/USDT", "depth_levels": 20, "best_bid": 1.0011, "best_ask": 1.0012, "bid_depth_units": 29395030.85, "ask_depth_units": 19735118.03, "bid_vwap": 1.0009249454915947, "ask_vwap": 1.001333240836665, "imbalance": 0.598309, "slippage_bps": {"sell_1000": 0.0, "buy_1000": 0.0, "sell_5000": 0.0, "buy_5000": 0.0, "sell_10000": 0.0, "buy_10000": 0.0, "sell_50000": 0.0, "buy_50000": 0.0}, "bids_raw": [[1.0011, 7738143.54], [1.001, 15342639.42], [1.0009, 2363487.58], [1.0008, 95588.88], [1.0007, 1067564.4], [1.0006, 160215.83], [1.0005, 1021360.93], [1.0004, 92305.94], [1.0003, 21894.22], [1.0002, 147204.11], [1.0001, 34189.59], [1.0, 562970.84], [0.9999, 101134.87], [0.9998, 28670.91], [0.9997, 36534.84], [0.9996, 403096.32], [0.9995, 65688.64], [0.9994, 37796.44], [0.9993, 33422.27], [0.9992, 41121.28]], "asks_raw": [[1.0012, 7592072.39], [1.0013, 4224913.68], [1.0014, 5023616.42], [1.0015, 1526735.56], [1.0016, 521941.66], [1.0017, 635750.13], [1.0018, 27921.82], [1.0019, 58141.57], [1.002, 31717.71], [1.0021, 10916.92], [1.0022, 5149.64], [1.0023, 2503.0], [1.0024, 3.0], [1.0025, 27003.0], [1.0026, 976.73], [1.0027, 3.0], [1.0028, 5003.0], [1.0029, 7503.0], [1.003, 33242.8], [1.0031, 3.0]]}
{"type": "orderbook", "ts": "2026-06-02T19:10:16.318420+00:00", "snapshot_idx": 4, "exchange": "okx", "coin": "USDT", "market": "USDC/USDT", "error": "too many values to unpack (expected 2)"}
{"type": "orderbook", "ts": "2026-06-02T19:10:16.318420+00:00", "snapshot_idx": 4, "exchange": "gateio", "coin": "USDT", "market": "USDC/USDT", "depth_levels": 20, "best_bid": 1.0009, "best_ask": 1.001, "bid_depth_units": 971627.06, "ask_depth_units": 3054384.15, "bid_vwap": 1.0007751850385886, "ask_vwap": 1.0012165696325395, "imbalance": 0.241337, "slippage_bps": {"sell_1000": 0.0, "buy_1000": 0.0, "sell_5000": 0.0, "buy_5000": 0.0, "sell_10000": 0.0, "buy_10000": 0.0, "sell_50000": 0.0, "buy_50000": 0.0}, "bids_raw": [[1.0009, 866688.7], [1.0008, 1048.67], [1.0007, 1032.94], [1.0006, 4811.0], [1.0005, 1099.93], [1.0004, 6218.16], [1.0003, 1000.0], [1.0002, 7683.46], [1.0, 8085.17], [0.9999, 8653.64], [0.9998, 8149.58], [0.9997, 10115.38], [0.9996, 7471.48], [0.9995, 9617.11], [0.9994, 7521.26], [0.9993, 7566.53], [0.9992, 7045.78], [0.9991, 4784.8], [0.999, 2645.44], [0.9989, 388.03]], "asks_raw": [[1.001, 193214.76], [1.0011, 47885.92], [1.0012, 2617412.24], [1.0013, 94227.55], [1.0015, 31914.55], [1.0016, 548.59], [1.0017, 1775.98], [1.0018, 11065.89], [1.0019, 5798.48], [1.002, 10299.21], [1.0021, 2677.37], [1.0022, 4842.35], [1.0023, 2854.94], [1.0024, 4932.65], [1.0025, 3590.37], [1.0026, 4937.16], [1.0027, 3707.64], [1.0028, 5249.3], [1.0029, 2608.19], [1.003, 4841.01]]}
{"type": "orderbook", "ts": "2026-06-02T19:10:16.318420+00:00", "snapshot_idx": 4, "exchange": "bitget", "coin": "USDT", "market": "USDC/USDT", "depth_levels": 20, "best_bid": 1.001, "best_ask": 1.0011, "bid_depth_units": 19573192.8637, "ask_depth_units": 18956613.4987, "bid_vwap": 1.000319830436981, "ask_vwap": 1.0022588531613754, "imbalance": 0.508001, "slippage_bps": {"sell_1000": 0.0, "buy_1000": 0.0, "sell_5000": 0.0, "buy_5000": 0.0, "sell_10000": 0.0, "buy_10000": 0.0, "sell_50000": 0.0, "buy_50000": 0.0}, "bids_raw": [[1.001, 3318756.6318], [1.0009, 3662711.1242], [1.0008, 2142.4465], [1.0007, 599.4681], [1.0006, 3313.1304], [1.0005, 1293662.0024], [1.0004, 931.6273], [1.0003, 1046460.7832], [1.0002, 1931290.9202], [1.0001, 864405.7858], [1.0, 4299132.9152], [0.9999, 953411.3162], [0.9998, 202040.4753], [0.9997, 835.3468], [0.9996, 12316.0427], [0.9995, 17025.0965], [0.9993, 1068081.7313], [0.9992, 579.986], [0.9991, 1.0088], [0.999, 895495.025]], "asks_raw": [[1.0011, 813552.4163], [1.0012, 4591611.6093], [1.0013, 2347301.1741], [1.0014, 1941739.4534], [1.0015, 105.3352], [1.0016, 37.13], [1.0017, 1000.0], [1.0018, 889336.9105], [1.002, 851.0817], [1.0021, 1581139.0], [1.0022, 1736677.0], [1.0023, 1792.746], [1.0026, 662837.0], [1.0035, 70.0365], [1.0037, 839118.0], [1.0038, 713322.0], [1.004, 1.1035], [1.0044, 1.5022], [1.005, 1955046.0], [1.0052, 881074.0]]}
{"type": "orderbook", "ts": "2026-06-02T19:10:16.318420+00:00", "snapshot_idx": 4, "exchange": "mexc", "coin": "USDT", "market": "USDC/USDT", "depth_levels": 20, "best_bid": 1.00113, "best_ask": 1.00114, "bid_depth_units": 35783491.99, "ask_depth_units": 17012877.84, "bid_vwap": 1.001063070392924, "ask_vwap": 1.0011740511139706, "imbalance": 0.677764, "slippage_bps": {"sell_1000": 0.0, "buy_1000": 0.0, "sell_5000": 0.0, "buy_5000": 0.0, "sell_10000": 0.0, "buy_10000": 0.0, "sell_50000": 0.0, "buy_50000": 0.0}, "bids_raw": [[1.00113, 2462503.0], [1.00112, 2525681.15], [1.00111, 1811986.78], [1.0011, 589705.09], [1.00109, 2989746.33], [1.00108, 5959182.1], [1.00107, 2262857.21], [1.00106, 4649789.18], [1.00105, 2070286.02], [1.00104, 379544.04], [1.00103, 283057.98], [1.00102, 4044853.06], [1.00101, 707254.03], [1.001, 4574544.75], [1.00099, 8563.05], [1.00098, 98291.03], [1.00097, 313.06], [1.00096, 703.04], [1.00095, 99305.04], [1.00094, 265326.05]], "asks_raw": [[1.00114, 745116.61], [1.00115, 344465.66], [1.00116, 6438135.09], [1.00117, 2607060.13], [1.00118, 2670755.7], [1.00119, 884028.13], [1.0012, 3017541.52], [1.00121, 60431.11], [1.00122, 60.11], [1.00123, 9282.11], [1.00124, 15245.82], [1.00125, 30216.27], [1.00126, 332.4], [1.00127, 110074.4], [1.00128, 11562.03], [1.00129, 21108.51], [1.0013, 32117.66], [1.00131, 15113.24], [1.00132, 114.55], [1.00133, 116.79]]}
{"type": "orderbook", "ts": "2026-06-02T19:10:16.318420+00:00", "snapshot_idx": 4, "exchange": "htx", "coin": "USDT", "market": "USDC/USDT", "depth_levels": 20, "best_bid": 1.0009, "best_ask": 1.001, "bid_depth_units": 376605.4298, "ask_depth_units": 2669720.6141, "bid_vwap": 1.0006219891488404, "ask_vwap": 1.001723762826996, "imbalance": 0.123626, "slippage_bps": {"sell_1000": 0.0, "buy_1000": 0.0, "sell_5000": 0.0, "buy_5000": 0.0, "sell_10000": 0.0, "buy_10000": 0.0, "sell_50000": 0.0, "buy_50000": 0.0}, "bids_raw": [[1.0009, 86.6091], [1.0008, 160834.5605], [1.0007, 160125.0773], [1.0006, 1500.5421], [1.0005, 5347.6279], [1.0004, 3432.7313], [1.0003, 4271.8888], [1.0002, 1590.6835], [1.0001, 2691.4713], [1.0, 1638.6103], [0.9999, 403.7209], [0.9998, 52.0507], [0.9997, 7744.7185], [0.9996, 26062.9622], [0.9995, 129.4459], [0.9994, 210.3958], [0.9993, 95.654], [0.9992, 96.7206], [0.9991, 198.943], [0.999, 91.0161]], "asks_raw": [[1.001, 129.142], [1.0011, 21084.7217], [1.0012, 807658.274], [1.0013, 190160.1146], [1.0014, 180184.1128], [1.0015, 89152.9086], [1.0016, 4623.354], [1.0017, 88257.987], [1.0018, 34353.1611], [1.0019, 10.0], [1.002, 163219.4552], [1.0021, 288884.8323], [1.0022, 212008.0423], [1.0023, 589495.3101], [1.0024, 108.9929], [1.0026, 97.8338], [1.0033, 41.2164], [1.0036, 97.8338], [1.0039, 44.3286], [1.004, 108.9929]]}
{"type": "orderbook", "ts": "2026-06-02T19:10:16.318420+00:00", "snapshot_idx": 4, "exchange": "cryptocom", "coin": "USDT", "market": "USDC/USDT", "error": "cryptocom does not have market symbol USDC/USDT"}
{"type": "orderbook", "ts": "2026-06-02T19:10:16.318420+00:00", "snapshot_idx": 4, "exchange": "phemex", "coin": "USDT", "market": "USDC/USDT", "depth_levels": 20, "best_bid": 1.001, "best_ask": 1.0013, "bid_depth_units": 2807932.41, "ask_depth_units": 2450049.34, "bid_vwap": 0.9986578011523431, "ask_vwap": 1.0038206743289504, "imbalance": 0.534032, "slippage_bps": {"sell_1000": 0.0, "buy_1000": 0.0, "sell_5000": 0.0, "buy_5000": 0.0, "sell_10000": 0.0, "buy_10000": 0.0, "sell_50000": 0.0, "buy_50000": 0.0}, "bids_raw": [[1.001, 635428.79], [1.0008, 98028.85], [1.0, 4288.32], [0.9998, 97504.81], [0.9991, 88575.71], [0.999, 193527.93], [0.9988, 208882.14], [0.9987, 107724.85], [0.9983, 186581.46], [0.9981, 119265.29], [0.998, 58717.53], [0.9977, 58832.64], [0.9976, 144591.26], [0.9975, 301280.07], [0.9974, 39046.61], [0.9973, 74547.57], [0.9969, 62951.53], [0.9968, 76360.52], [0.9965, 19417.48], [0.9953, 232379.05]], "asks_raw": [[1.0013, 529897.09], [1.0017, 88.66], [1.0018, 985.03], [1.0022, 109975.45], [1.0025, 85860.67], [1.0028, 124287.75], [1.003, 101997.57], [1.0042, 30371.43], [1.0044, 205944.23], [1.0045, 30951.66], [1.0046, 114170.24], [1.0047, 314461.77], [1.0048, 279054.28], [1.0049, 82907.21], [1.005, 169622.91], [1.0059, 20995.78], [1.006, 101.94], [1.0066, 157213.97], [1.0068, 16310.58], [1.0069, 74851.12]]}
{"type": "orderbook", "ts": "2026-06-02T19:10:16.318420+00:00", "snapshot_idx": 4, "exchange": "binance", "coin": "USDC", "market": "USDC/USDT", "depth_levels": 20, "best_bid": 1.00113, "best_ask": 1.00114, "bid_depth_units": 30650654.0, "ask_depth_units": 9561744.0, "bid_vwap": 1.0010463553606392, "ask_vwap": 1.001172340963113, "imbalance": 0.762219, "slippage_bps": {"sell_1000": 0.0, "buy_1000": 0.0, "sell_5000": 0.0, "buy_5000": 0.0, "sell_10000": 0.0, "buy_10000": 0.0, "sell_50000": 0.0, "buy_50000": 0.0}, "bids_raw": [[1.00113, 1108688.0], [1.00112, 973627.0], [1.00111, 865988.0], [1.0011, 267811.0], [1.00109, 1402743.0], [1.00108, 4221107.0], [1.00107, 1028571.0], [1.00106, 5186841.0], [1.00105, 2060264.0], [1.00104, 375063.0], [1.00103, 272369.0], [1.00102, 4019301.0], [1.00101, 707233.0], [1.001, 7688559.0], [1.00099, 8561.0], [1.00098, 98289.0], [1.00097, 311.0], [1.00096, 702.0], [1.00095, 99302.0], [1.00094, 265324.0]], "asks_raw": [[1.00114, 261086.0], [1.00115, 187682.0], [1.00116, 5000218.0], [1.00117, 1190468.0], [1.00118, 875158.0], [1.00119, 398545.0], [1.0012, 1349907.0], [1.00121, 60404.0], [1.00122, 40.0], [1.00123, 9255.0], [1.00124, 15993.0], [1.00125, 30184.0], [1.00126, 41.0], [1.00127, 110033.0], [1.00128, 8499.0], [1.00129, 20041.0], [1.0013, 29032.0], [1.00131, 15051.0], [1.00132, 51.0], [1.00133, 56.0]]}
{"type": "orderbook", "ts": "2026-06-02T19:10:16.318420+00:00", "snapshot_idx": 4, "exchange": "kucoin", "coin": "USDC", "market": "USDC/USDT", "depth_levels": 20, "best_bid": 1.001, "best_ask": 1.0011, "bid_depth_units": 1317625.76, "ask_depth_units": 2118794.76, "bid_vwap": 1.000945037665323, "ask_vwap": 1.0011177863923924, "imbalance": 0.38343, "slippage_bps": {"sell_1000": 0.0, "buy_1000": 0.0, "sell_5000": 0.0, "buy_5000": 0.0, "sell_10000": 0.0, "buy_10000": 0.0, "sell_50000": 0.0, "buy_50000": 0.0}, "bids_raw": [[1.001, 1213367.15], [1.0009, 32093.84], [1.0008, 1042.84], [1.0007, 4339.02], [1.0006, 5756.02], [1.0003, 2804.04], [1.0002, 312.18], [1.0001, 835.0], [1.0, 43478.86], [0.9999, 1250.0], [0.9998, 1887.47], [0.9997, 3206.0], [0.9996, 3759.0], [0.9995, 1875.0], [0.9994, 5.56], [0.9993, 521.43], [0.9992, 8.05], [0.9991, 120.17], [0.999, 908.87], [0.9989, 55.26]], "asks_raw": [[1.0011, 2052202.94], [1.0012, 35995.11], [1.0014, 7242.0], [1.0015, 347.62], [1.0016, 8286.04], [1.0017, 1564.8], [1.0019, 520.49], [1.0029, 11466.72], [1.003, 0.37], [1.0041, 28.54], [1.0042, 0.1], [1.0046, 1.32], [1.005, 7.55], [1.0051, 799.2], [1.0052, 7.65], [1.0058, 23.07], [1.0064, 30.84], [1.0073, 3.48], [1.008, 13.42], [1.0086, 253.5]]}
