{"type": "orderbook", "ts": "2026-06-02T18:43:32.349148+00:00", "snapshot_idx": 1, "exchange": "binance", "coin": "USDT", "market": "USDC/USDT", "depth_levels": 20, "best_bid": 1.00112, "best_ask": 1.00113, "bid_depth_units": 29529786.0, "ask_depth_units": 13875475.0, "bid_vwap": 1.001039919024134, "ask_vwap": 1.0011698532778157, "imbalance": 0.680327, "slippage_bps": {"sell_1000": 0.0, "buy_1000": 0.0, "sell_5000": 0.0, "buy_5000": 0.0, "sell_10000": 0.0, "buy_10000": 0.0, "sell_50000": 0.0, "buy_50000": 0.0}, "bids_raw": [[1.00112, 87318.0], [1.00111, 900946.0], [1.0011, 1391894.0], [1.00109, 1496781.0], [1.00108, 24382.0], [1.00107, 1627266.0], [1.00106, 8273232.0], [1.00105, 2060283.0], [1.00104, 375043.0], [1.00103, 271031.0], [1.00102, 4019301.0], [1.00101, 707245.0], [1.001, 7688571.0], [1.00099, 28539.0], [1.00098, 98289.0], [1.00097, 15314.0], [1.00096, 702.0], [1.00095, 100051.0], [1.00094, 265304.0], [1.00093, 98294.0]], "asks_raw": [[1.00113, 136434.0], [1.00114, 266831.0], [1.00115, 2294582.0], [1.00116, 4990147.0], [1.00117, 1569348.0], [1.00118, 2159827.0], [1.00119, 382812.0], [1.0012, 1861372.0], [1.00121, 6345.0], [1.00122, 1066.0], [1.00123, 10264.0], [1.00124, 6.0], [1.00125, 10208.0], [1.00126, 41.0], [1.00127, 110033.0], [1.00128, 23502.0], [1.00129, 20526.0], [1.0013, 17029.0], [1.00131, 15051.0], [1.00132, 51.0]]}
{"type": "orderbook", "ts": "2026-06-02T18:43:32.349148+00:00", "snapshot_idx": 1, "exchange": "kraken", "coin": "USDT", "market": "USDT/USD", "error": "too many values to unpack (expected 2)"}
{"type": "orderbook", "ts": "2026-06-02T18:43:32.349148+00:00", "snapshot_idx": 1, "exchange": "kucoin", "coin": "USDT", "market": "USDT/USDC", "depth_levels": 20, "best_bid": 0.9987, "best_ask": 0.9988, "bid_depth_units": 288206.6056, "ask_depth_units": 611015.57, "bid_vwap": 0.9978662297417594, "ask_vwap": 0.9993799633321946, "imbalance": 0.320507, "slippage_bps": {"sell_1000": 0.0, "buy_1000": 0.0, "sell_5000": 0.0, "buy_5000": 0.0, "sell_10000": 0.0, "buy_10000": 0.0, "sell_50000": 0.0, "buy_50000": 0.0}, "bids_raw": [[0.9987, 174081.4556], [0.9986, 17715.46], [0.9985, 11175.09], [0.9984, 3772.0], [0.9983, 7069.16], [0.9982, 4065.91], [0.9979, 7395.0], [0.9977, 1756.18], [0.9976, 9614.0], [0.9974, 7395.0], [0.9972, 11833.0], [0.997, 11833.0], [0.996, 0.11], [0.994, 98.69], [0.9929, 2515.35], [0.9913, 480.0], [0.9904, 6226.82], [0.9903, 10635.43], [0.9901, 23.6], [0.9896, 521.35]], "asks_raw": [[0.9988, 138136.64], [0.9989, 24409.75], [0.999, 245012.37], [0.9991, 7125.0], [0.9992, 11176.24], [0.9993, 2446.0], [0.9994, 3165.0], [0.9996, 1494.45], [0.9997, 33700.64], [1.0, 9375.0], [1.0001, 62190.07], [1.0007, 11772.0], [1.0009, 28713.8], [1.001, 7500.0], [1.0013, 11250.0], [1.0016, 1566.0], [1.0017, 11250.0], [1.0022, 0.11], [1.0056, 252.5], [1.0062, 480.0]]}
{"type": "orderbook", "ts": "2026-06-02T18:43:32.349148+00:00", "snapshot_idx": 1, "exchange": "bybit", "coin": "USDT", "market": "USDC/USDT", "depth_levels": 20, "best_bid": 1.0011, "best_ask": 1.0012, "bid_depth_units": 30171263.14, "ask_depth_units": 17609657.6, "bid_vwap": 1.0009293364826952, "ask_vwap": 1.001349319965597, "imbalance": 0.63145, "slippage_bps": {"sell_1000": 0.0, "buy_1000": 0.0, "sell_5000": 0.0, "buy_5000": 0.0, "sell_10000": 0.0, "buy_10000": 0.0, "sell_50000": 0.0, "buy_50000": 0.0}, "bids_raw": [[1.0011, 8497869.35], [1.001, 15340531.01], [1.0009, 2378217.2], [1.0008, 100473.05], [1.0007, 1067564.4], [1.0006, 160215.83], [1.0005, 1021360.93], [1.0004, 92305.94], [1.0003, 20895.32], [1.0002, 147204.11], [1.0001, 34189.59], [1.0, 562970.84], [0.9999, 101134.87], [0.9998, 28670.91], [0.9997, 36534.84], [0.9996, 403096.32], [0.9995, 65688.64], [0.9994, 37796.44], [0.9993, 33422.27], [0.9992, 41121.28]], "asks_raw": [[1.0012, 5466613.42], [1.0013, 4225412.47], [1.0014, 5023116.17], [1.0015, 1526735.56], [1.0016, 521941.66], [1.0017, 635750.13], [1.0018, 27921.82], [1.0019, 58141.57], [1.002, 31717.71], [1.0021, 10916.92], [1.0022, 5149.64], [1.0023, 2503.0], [1.0024, 3.0], [1.0025, 27003.0], [1.0026, 976.73], [1.0027, 3.0], [1.0028, 5003.0], [1.0029, 7503.0], [1.003, 33242.8], [1.0031, 3.0]]}
{"type": "orderbook", "ts": "2026-06-02T18:43:32.349148+00:00", "snapshot_idx": 1, "exchange": "okx", "coin": "USDT", "market": "USDC/USDT", "error": "too many values to unpack (expected 2)"}
{"type": "orderbook", "ts": "2026-06-02T18:43:32.349148+00:00", "snapshot_idx": 1, "exchange": "gateio", "coin": "USDT", "market": "USDC/USDT", "depth_levels": 20, "best_bid": 1.0007, "best_ask": 1.0008, "bid_depth_units": 155129.8, "ask_depth_units": 2722133.48, "bid_vwap": 1.000022494117829, "ask_vwap": 1.0012049719123253, "imbalance": 0.053916, "slippage_bps": {"sell_1000": 0.0, "buy_1000": 0.0, "sell_5000": 0.0, "buy_5000": 0.0, "sell_10000": 0.0, "buy_10000": 0.0, "sell_50000": 0.0, "buy_50000": 0.0}, "bids_raw": [[1.0007, 44925.69], [1.0006, 4811.0], [1.0005, 1000.0], [1.0004, 8085.41], [1.0003, 1000.0], [1.0002, 8783.42], [1.0001, 1000.0], [1.0, 9085.17], [0.9999, 9437.72], [0.9998, 8903.33], [0.9997, 10748.96], [0.9996, 9523.06], [0.9995, 7565.73], [0.9994, 7521.26], [0.9993, 7566.53], [0.9992, 7045.78], [0.9991, 4784.8], [0.999, 2645.44], [0.9989, 388.03], [0.9988, 308.47]], "asks_raw": [[1.0008, 6605.2], [1.0009, 38023.4], [1.001, 241181.73], [1.0011, 47885.92], [1.0012, 2202283.78], [1.0013, 94227.55], [1.0015, 31920.66], [1.0016, 547.91], [1.0017, 1775.15], [1.0018, 7372.54], [1.0019, 5798.48], [1.002, 10299.21], [1.0021, 2677.37], [1.0022, 4842.35], [1.0023, 2854.94], [1.0024, 4932.65], [1.0025, 4179.9], [1.0026, 5767.8], [1.0027, 3707.64], [1.0028, 5249.3]]}
{"type": "orderbook", "ts": "2026-06-02T18:43:32.349148+00:00", "snapshot_idx": 1, "exchange": "bitget", "coin": "USDT", "market": "USDC/USDT", "depth_levels": 20, "best_bid": 1.0011, "best_ask": 1.0012, "bid_depth_units": 21403346.3562, "ask_depth_units": 18887164.0565, "bid_vwap": 1.0003790931461858, "ask_vwap": 1.0024651449358204, "imbalance": 0.531225, "slippage_bps": {"sell_1000": 0.0, "buy_1000": 0.0, "sell_5000": 0.0, "buy_5000": 0.0, "sell_10000": 0.0, "buy_10000": 0.0, "sell_50000": 0.0, "buy_50000": 0.0}, "bids_raw": [[1.0011, 241832.8997], [1.001, 4906584.3716], [1.0009, 3662711.1236], [1.0008, 2035.2534], [1.0007, 599.4681], [1.0006, 3313.1304], [1.0005, 1293662.0024], [1.0004, 931.6273], [1.0003, 1046460.7832], [1.0002, 1931290.9202], [1.0001, 864405.7858], [1.0, 4299733.9707], [0.9999, 953411.3162], [0.9998, 202040.4753], [0.9997, 835.3468], [0.9996, 12316.0427], [0.9995, 17025.0965], [0.9993, 1068081.7313], [0.9992, 579.986], [0.999, 895495.025]], "asks_raw": [[1.0012, 2050634.0658], [1.0013, 4744334.3685], [1.0014, 2042088.502], [1.0015, 105.3352], [1.0016, 37.13], [1.0017, 1000.0], [1.0018, 889336.9105], [1.002, 266.0728], [1.0021, 1581139.0], [1.0022, 1736677.0], [1.0023, 1792.746], [1.0026, 662837.0], [1.0035, 70.0365], [1.0038, 713322.0], [1.004, 1.1035], [1.0044, 1879438.5022], [1.005, 998451.0], [1.0052, 948109.0], [1.0053, 49.2835], [1.0058, 637475.0]]}
{"type": "orderbook", "ts": "2026-06-02T18:43:32.349148+00:00", "snapshot_idx": 1, "exchange": "mexc", "coin": "USDT", "market": "USDC/USDT", "depth_levels": 20, "best_bid": 1.00112, "best_ask": 1.00113, "bid_depth_units": 30890445.5, "ask_depth_units": 21460301.46, "bid_vwap": 1.0010526583506605, "ask_vwap": 1.0011688700808958, "imbalance": 0.590067, "slippage_bps": {"sell_1000": 0.0, "buy_1000": 0.0, "sell_5000": 0.0, "buy_5000": 0.0, "sell_10000": 0.0, "buy_10000": 0.0, "sell_50000": 0.0, "buy_50000": 0.0}, "bids_raw": [[1.00112, 399102.27], [1.00111, 2141111.7], [1.0011, 2923192.4], [1.00109, 2438218.2], [1.00108, 53640.4], [1.00107, 3579005.72], [1.00106, 6895138.45], [1.00105, 1658965.02], [1.00104, 375045.06], [1.00103, 273046.01], [1.00102, 4019302.04], [1.00101, 707247.02], [1.001, 4819171.96], [1.00099, 28540.04], [1.00098, 98290.01], [1.00097, 15316.06], [1.00096, 703.04], [1.00095, 100052.01], [1.00094, 265306.05], [1.00093, 100052.04]], "asks_raw": [[1.00113, 259648.64], [1.00114, 581557.2], [1.00115, 3667448.04], [1.00116, 6257450.44], [1.00117, 3605958.42], [1.00118, 4118021.31], [1.00119, 842457.62], [1.0012, 1886498.02], [1.00121, 13985.42], [1.00122, 1059.0], [1.00123, 10264.0], [1.00124, 7.02], [1.00125, 10217.25], [1.00126, 306.29], [1.00127, 110049.33], [1.00128, 26535.88], [1.00129, 21568.42], [1.0013, 32090.55], [1.00131, 15088.14], [1.00132, 90.47]]}
{"type": "orderbook", "ts": "2026-06-02T18:43:32.349148+00:00", "snapshot_idx": 1, "exchange": "htx", "coin": "USDT", "market": "USDC/USDT", "depth_levels": 20, "best_bid": 1.0008, "best_ask": 1.001, "bid_depth_units": 383952.2152, "ask_depth_units": 2663787.1802, "bid_vwap": 1.0006238014072797, "ask_vwap": 1.0017126363710849, "imbalance": 0.125979, "slippage_bps": {"sell_1000": 0.0, "buy_1000": 0.0, "sell_5000": 0.0, "buy_5000": 0.0, "sell_10000": 0.0, "buy_10000": 0.0, "sell_50000": 0.0, "buy_50000": 0.0}, "bids_raw": [[1.0008, 166550.795], [1.0007, 160639.9834], [1.0006, 2162.5642], [1.0005, 5347.6279], [1.0004, 3800.5217], [1.0003, 4345.4471], [1.0002, 1590.6835], [1.0001, 2692.5206], [1.0, 1638.6103], [0.9999, 403.7209], [0.9998, 52.0507], [0.9997, 7744.7185], [0.9996, 26062.9622], [0.9995, 129.4459], [0.9994, 210.3958], [0.9993, 95.654], [0.9992, 96.7206], [0.9991, 198.943], [0.999, 91.0161], [0.9984, 97.8338]], "asks_raw": [[1.001, 10124.1796], [1.0011, 19747.1158], [1.0012, 806989.4716], [1.0013, 268961.8582], [1.0014, 87850.9668], [1.0015, 93439.9618], [1.0016, 536.2928], [1.0017, 90390.3111], [1.0018, 33819.8065], [1.0019, 161094.1329], [1.002, 16001.1511], [1.0021, 285151.3489], [1.0022, 199627.1618], [1.0023, 589554.2229], [1.0024, 108.9929], [1.0026, 97.8338], [1.0033, 41.2164], [1.0036, 97.8338], [1.0039, 44.3286], [1.004, 108.9929]]}
{"type": "orderbook", "ts": "2026-06-02T18:43:32.349148+00:00", "snapshot_idx": 1, "exchange": "cryptocom", "coin": "USDT", "market": "USDC/USDT", "error": "cryptocom does not have market symbol USDC/USDT"}
{"type": "orderbook", "ts": "2026-06-02T18:43:32.349148+00:00", "snapshot_idx": 1, "exchange": "phemex", "coin": "USDT", "market": "USDC/USDT", "depth_levels": 20, "best_bid": 1.001, "best_ask": 1.0013, "bid_depth_units": 2772138.35, "ask_depth_units": 2615274.89, "bid_vwap": 0.9990616916298567, "ask_vwap": 1.0036614253704703, "imbalance": 0.514558, "slippage_bps": {"sell_1000": 0.0, "buy_1000": 0.0, "sell_5000": 0.0, "buy_5000": 0.0, "sell_10000": 0.0, "buy_10000": 0.0, "sell_50000": 0.0, "buy_50000": 0.0}, "bids_raw": [[1.001, 535882.99], [1.0009, 98723.18], [1.0008, 158062.59], [1.0002, 197713.85], [1.0, 4288.32], [0.9992, 125740.54], [0.999, 193527.93], [0.9988, 208882.14], [0.9987, 107724.85], [0.9983, 186581.46], [0.9981, 119265.29], [0.998, 58717.53], [0.9977, 58832.64], [0.9976, 144591.26], [0.9975, 301280.07], [0.9974, 39046.61], [0.9973, 74547.57], [0.9969, 62951.53], [0.9968, 76360.52], [0.9965, 19417.48]], "asks_raw": [[1.0013, 695122.64], [1.0017, 88.66], [1.0018, 985.03], [1.0022, 109975.45], [1.0025, 85860.67], [1.0028, 124287.75], [1.003, 101997.57], [1.0042, 30371.43], [1.0044, 205944.23], [1.0045, 30951.66], [1.0046, 114170.24], [1.0047, 314461.77], [1.0048, 279054.28], [1.0049, 82907.21], [1.005, 169622.91], [1.0059, 20995.78], [1.006, 101.94], [1.0066, 157213.97], [1.0068, 16310.58], [1.0069, 74851.12]]}
{"type": "orderbook", "ts": "2026-06-02T18:43:32.349148+00:00", "snapshot_idx": 1, "exchange": "binance", "coin": "USDC", "market": "USDC/USDT", "depth_levels": 20, "best_bid": 1.00112, "best_ask": 1.00113, "bid_depth_units": 29527065.0, "ask_depth_units": 13867099.0, "bid_vwap": 1.001039911610585, "ask_vwap": 1.0011698686964015, "imbalance": 0.680439, "slippage_bps": {"sell_1000": 0.0, "buy_1000": 0.0, "sell_5000": 0.0, "buy_5000": 0.0, "sell_10000": 0.0, "buy_10000": 0.0, "sell_50000": 0.0, "buy_50000": 0.0}, "bids_raw": [[1.00112, 84597.0], [1.00111, 900846.0], [1.0011, 1391994.0], [1.00109, 1496781.0], [1.00108, 24382.0], [1.00107, 1627266.0], [1.00106, 8273232.0], [1.00105, 2060283.0], [1.00104, 375043.0], [1.00103, 271031.0], [1.00102, 4019301.0], [1.00101, 707245.0], [1.001, 7688571.0], [1.00099, 28539.0], [1.00098, 98289.0], [1.00097, 15314.0], [1.00096, 702.0], [1.00095, 100051.0], [1.00094, 265304.0], [1.00093, 98294.0]], "asks_raw": [[1.00113, 128058.0], [1.00114, 266831.0], [1.00115, 2294582.0], [1.00116, 4990147.0], [1.00117, 1569348.0], [1.00118, 2159827.0], [1.00119, 388812.0], [1.0012, 1861372.0], [1.00121, 345.0], [1.00122, 1066.0], [1.00123, 10264.0], [1.00124, 6.0], [1.00125, 10208.0], [1.00126, 41.0], [1.00127, 110033.0], [1.00128, 23502.0], [1.00129, 20526.0], [1.0013, 17029.0], [1.00131, 15051.0], [1.00132, 51.0]]}
{"type": "orderbook", "ts": "2026-06-02T18:43:32.349148+00:00", "snapshot_idx": 1, "exchange": "kucoin", "coin": "USDC", "market": "USDC/USDT", "depth_levels": 20, "best_bid": 1.001, "best_ask": 1.0011, "bid_depth_units": 1471938.36, "ask_depth_units": 2215773.7, "bid_vwap": 1.0009379566369883, "ask_vwap": 1.001116365671278, "imbalance": 0.399147, "slippage_bps": {"sell_1000": 0.0, "buy_1000": 0.0, "sell_5000": 0.0, "buy_5000": 0.0, "sell_10000": 0.0, "buy_10000": 0.0, "sell_50000": 0.0, "buy_50000": 0.0}, "bids_raw": [[1.001, 1360330.53], [1.0009, 32093.84], [1.0008, 1564.28], [1.0007, 3665.65], [1.0006, 5000.0], [1.0003, 2804.04], [1.0002, 312.18], [1.0001, 835.0], [1.0, 43478.86], [0.9999, 1250.0], [0.9998, 1887.47], [0.9997, 3206.0], [0.9996, 3759.0], [0.9995, 1875.0], [0.9994, 5.56], [0.9992, 8.05], [0.9991, 120.17], [0.999, 908.87], [0.9989, 55.26], [0.9987, 8778.6]], "asks_raw": [[1.0011, 2152827.19], [1.0012, 35995.11], [1.0014, 5592.81], [1.0015, 173.81], [1.0016, 6984.83], [1.0018, 1042.85], [1.0019, 521.34], [1.0029, 11466.72], [1.003, 0.37], [1.0041, 28.54], [1.0042, 0.1], [1.0046, 1.32], [1.005, 7.55], [1.0051, 799.2], [1.0052, 7.65], [1.0058, 23.07], [1.0064, 30.84], [1.0073, 3.48], [1.008, 13.42], [1.0086, 253.5]]}
{"type": "orderbook", "ts": "2026-06-02T18:43:32.349148+00:00", "snapshot_idx": 1, "exchange": "bybit", "coin": "USDC", "market": "USDC/USDT", "depth_levels": 20, "best_bid": 1.0011, "best_ask": 1.0012, "bid_depth_units": 30171263.14, "ask_depth_units": 17611188.0, "bid_vwap": 1.0009293364826952, "ask_vwap": 1.0013493069897956, "imbalance": 0.63143, "slippage_bps": {"sell_1000": 0.0, "buy_1000": 0.0, "sell_5000": 0.0, "buy_5000": 0.0, "sell_10000": 0.0, "buy_10000": 0.0, "sell_50000": 0.0, "buy_50000": 0.0}, "bids_raw": [[1.0011, 8497869.35], [1.001, 15340531.01], [1.0009, 2378217.2], [1.0008, 100473.05], [1.0007, 1067564.4], [1.0006, 160215.83], [1.0005, 1021360.93], [1.0004, 92305.94], [1.0003, 20895.32], [1.0002, 147204.11], [1.0001, 34189.59], [1.0, 562970.84], [0.9999, 101134.87], [0.9998, 28670.91], [0.9997, 36534.84], [0.9996, 403096.32], [0.9995, 65688.64], [0.9994, 37796.44], [0.9993, 33422.27], [0.9992, 41121.28]], "asks_raw": [[1.0012, 5468143.82], [1.0013, 4225412.47], [1.0014, 5023116.17], [1.0015, 1526735.56], [1.0016, 521941.66], [1.0017, 635750.13], [1.0018, 27921.82], [1.0019, 58141.57], [1.002, 31717.71], [1.0021, 10916.92], [1.0022, 5149.64], [1.0023, 2503.0], [1.0024, 3.0], [1.0025, 27003.0], [1.0026, 976.73], [1.0027, 3.0], [1.0028, 5003.0], [1.0029, 7503.0], [1.003, 33242.8], [1.0031, 3.0]]}
{"type": "orderbook", "ts": "2026-06-02T18:43:32.349148+00:00", "snapshot_idx": 1, "exchange": "gateio", "coin": "USDC", "market": "USDC/USDT", "depth_levels": 20, "best_bid": 1.0007, "best_ask": 1.0008, "bid_depth_units": 155239.84, "ask_depth_units": 2722023.44, "bid_vwap": 1.00002297436019, "ask_vwap": 1.0012049882836425, "imbalance": 0.053954, "slippage_bps": {"sell_1000": 0.0, "buy_1000": 0.0, "sell_5000": 0.0, "buy_5000": 0.0, "sell_10000": 0.0, "buy_10000": 0.0, "sell_50000": 0.0, "buy_50000": 0.0}, "bids_raw": [[1.0007, 45035.73], [1.0006, 4811.0], [1.0005, 1000.0], [1.0004, 8085.41], [1.0003, 1000.0], [1.0002, 8783.42], [1.0001, 1000.0], [1.0, 9085.17], [0.9999, 9437.72], [0.9998, 8903.33], [0.9997, 10748.96], [0.9996, 9523.06], [0.9995, 7565.73], [0.9994, 7521.26], [0.9993, 7566.53], [0.9992, 7045.78], [0.9991, 4784.8], [0.999, 2645.44], [0.9989, 388.03], [0.9988, 308.47]], "asks_raw": [[1.0008, 6495.16], [1.0009, 38023.4], [1.001, 241181.73], [1.0011, 47885.92], [1.0012, 2202283.78], [1.0013, 94227.55], [1.0015, 31920.66], [1.0016, 547.91], [1.0017, 1775.15], [1.0018, 7372.54], [1.0019, 5798.48], [1.002, 10299.21], [1.0021, 2677.37], [1.0022, 4842.35], [1.0023, 2854.94], [1.0024, 4932.65], [1.0025, 4179.9], [1.0026, 5767.8], [1.0027, 3707.64], [1.0028, 5249.3]]}
{"type": "orderbook", "ts": "2026-06-02T18:43:32.349148+00:00", "snapshot_idx": 1, "exchange": "bitget", "coin": "USDC", "market": "USDC/USDT", "depth_levels": 20, "best_bid": 1.0011, "best_ask": 1.0012, "bid_depth_units": 21403346.3562, "ask_depth_units": 18887164.0565, "bid_vwap": 1.0003790931461858, "ask_vwap": 1.0024651449358204, "imbalance": 0.531225, "slippage_bps": {"sell_1000": 0.0, "buy_1000": 0.0, "sell_5000": 0.0, "buy_5000": 0.0, "sell_10000": 0.0, "buy_10000": 0.0, "sell_50000": 0.0, "buy_50000": 0.0}, "bids_raw": [[1.0011, 241832.8997], [1.001, 4906584.3716], [1.0009, 3662711.1236], [1.0008, 2035.2534], [1.0007, 599.4681], [1.0006, 3313.1304], [1.0005, 1293662.0024], [1.0004, 931.6273], [1.0003, 1046460.7832], [1.0002, 1931290.9202], [1.0001, 864405.7858], [1.0, 4299733.9707], [0.9999, 953411.3162], [0.9998, 202040.4753], [0.9997, 835.3468], [0.9996, 12316.0427], [0.9995, 17025.0965], [0.9993, 1068081.7313], [0.9992, 579.986], [0.999, 895495.025]], "asks_raw": [[1.0012, 2050634.0658], [1.0013, 4744334.3685], [1.0014, 2042088.502], [1.0015, 105.3352], [1.0016, 37.13], [1.0017, 1000.0], [1.0018, 889336.9105], [1.002, 266.0728], [1.0021, 1581139.0], [1.0022, 1736677.0], [1.0023, 1792.746], [1.0026, 662837.0], [1.0035, 70.0365], [1.0038, 713322.0], [1.004, 1.1035], [1.0044, 1879438.5022], [1.005, 998451.0], [1.0052, 948109.0], [1.0053, 49.2835], [1.0058, 637475.0]]}
{"type": "orderbook", "ts": "2026-06-02T18:43:32.349148+00:00", "snapshot_idx": 1, "exchange": "mexc", "coin": "USDC", "market": "USDC/USDT", "depth_levels": 20, "best_bid": 1.00112, "best_ask": 1.00113, "bid_depth_units": 30815088.37, "ask_depth_units": 21454301.46, "bid_vwap": 1.001052493669211, "ask_vwap": 1.00116885857833, "imbalance": 0.589544, "slippage_bps": {"sell_1000": 0.0, "buy_1000": 0.0, "sell_5000": 0.0, "buy_5000": 0.0, "sell_10000": 0.0, "buy_10000": 0.0, "sell_50000": 0.0, "buy_50000": 0.0}, "bids_raw": [[1.00112, 323745.14], [1.00111, 2141111.7], [1.0011, 2923192.4], [1.00109, 2438218.2], [1.00108, 53640.4], [1.00107, 3579005.72], [1.00106, 6895138.45], [1.00105, 1658965.02], [1.00104, 375045.06], [1.00103, 273046.01], [1.00102, 4019302.04], [1.00101, 707247.02], [1.001, 4819171.96], [1.00099, 28540.04], [1.00098, 98290.01], [1.00097, 15316.06], [1.00096, 703.04], [1.00095, 100052.01], [1.00094, 265306.05], [1.00093, 100052.04]], "asks_raw": [[1.00113, 259648.64], [1.00114, 581557.2], [1.00115, 3667448.04], [1.00116, 6257450.44], [1.00117, 3605958.42], [1.00118, 4118021.31], [1.00119, 842457.62], [1.0012, 1886498.02], [1.00121, 7985.42], [1.00122, 1059.0], [1.00123, 10264.0], [1.00124, 7.02], [1.00125, 10217.25], [1.00126, 306.29], [1.00127, 110049.33], [1.00128, 26535.88], [1.00129, 21568.42], [1.0013, 32090.55], [1.00131, 15088.14], [1.00132, 90.47]]}
{"type": "orderbook", "ts": "2026-06-02T18:43:32.349148+00:00", "snapshot_idx": 1, "exchange": "htx", "coin": "USDC", "market": "USDC/USDT", "depth_levels": 20, "best_bid": 1.0008, "best_ask": 1.001, "bid_depth_units": 383952.2152, "ask_depth_units": 2663644.1805, "bid_vwap": 1.0006238014072797, "ask_vwap": 1.0017126046505858, "imbalance": 0.125985, "slippage_bps": {"sell_1000": 0.0, "buy_1000": 0.0, "sell_5000": 0.0, "buy_5000": 0.0, "sell_10000": 0.0, "buy_10000": 0.0, "sell_50000": 0.0, "buy_50000": 0.0}, "bids_raw": [[1.0008, 166550.795], [1.0007, 160639.9834], [1.0006, 2162.5642], [1.0005, 5347.6279], [1.0004, 3800.5217], [1.0003, 4345.4471], [1.0002, 1590.6835], [1.0001, 2692.5206], [1.0, 1638.6103], [0.9999, 403.7209], [0.9998, 52.0507], [0.9997, 7744.7185], [0.9996, 26062.9622], [0.9995, 129.4459], [0.9994, 210.3958], [0.9993, 95.654], [0.9992, 96.7206], [0.9991, 198.943], [0.999, 91.0161], [0.9984, 97.8338]], "asks_raw": [[1.001, 10124.1796], [1.0011, 19747.1158], [1.0012, 806989.4713], [1.0013, 268961.8578], [1.0014, 87850.9671], [1.0015, 93439.9617], [1.0016, 536.2928], [1.0017, 90390.311], [1.0018, 33819.8057], [1.0019, 161094.1334], [1.002, 16001.1511], [1.0021, 285151.3494], [1.0022, 199632.1618], [1.0023, 589406.2236], [1.0024, 108.9929], [1.0026, 97.8338], [1.0033, 41.2164], [1.0036, 97.8338], [1.0039, 44.3286], [1.004, 108.9929]]}
{"type": "orderbook", "ts": "2026-06-02T18:43:32.349148+00:00", "snapshot_idx": 1, "exchange": "coinbase", "coin": "USDC", "market": "USDC/USD", "error": "coinbase does not have market symbol USDC/USD"}
{"type": "orderbook", "ts": "2026-06-02T18:43:32.349148+00:00", "snapshot_idx": 1, "exchange": "phemex", "coin": "USDC", "market": "USDC/USDT", "depth_levels": 20, "best_bid": 1.001, "best_ask": 1.0013, "bid_depth_units": 2772138.35, "ask_depth_units": 2615274.89, "bid_vwap": 0.9990616916298567, "ask_vwap": 1.0036614253704703, "imbalance": 0.514558, "slippage_bps": {"sell_1000": 0.0, "buy_1000": 0.0, "sell_5000": 0.0, "buy_5000": 0.0, "sell_10000": 0.0, "buy_10000": 0.0, "sell_50000": 0.0, "buy_50000": 0.0}, "bids_raw": [[1.001, 535882.99], [1.0009, 98723.18], [1.0008, 158062.59], [1.0002, 197713.85], [1.0, 4288.32], [0.9992, 125740.54], [0.999, 193527.93], [0.9988, 208882.14], [0.9987, 107724.85], [0.9983, 186581.46], [0.9981, 119265.29], [0.998, 58717.53], [0.9977, 58832.64], [0.9976, 144591.26], [0.9975, 301280.07], [0.9974, 39046.61], [0.9973, 74547.57], [0.9969, 62951.53], [0.9968, 76360.52], [0.9965, 19417.48]], "asks_raw": [[1.0013, 695122.64], [1.0017, 88.66], [1.0018, 985.03], [1.0022, 109975.45], [1.0025, 85860.67], [1.0028, 124287.75], [1.003, 101997.57], [1.0042, 30371.43], [1.0044, 205944.23], [1.0045, 30951.66], [1.0046, 114170.24], [1.0047, 314461.77], [1.0048, 279054.28], [1.0049, 82907.21], [1.005, 169622.91], [1.0059, 20995.78], [1.006, 101.94], [1.0066, 157213.97], [1.0068, 16310.58], [1.0069, 74851.12]]}
{"type": "orderbook", "ts": "2026-06-02T18:43:32.349148+00:00", "snapshot_idx": 1, "exchange": "binance", "coin": "DAI", "market": "DAI/USDT", "depth_levels": 20, "best_bid": null, "best_ask": null, "bid_depth_units": 0.0, "ask_depth_units": 0.0, "bid_vwap": null, "ask_vwap": null, "imbalance": 0.5, "slippage_bps": {"sell_1000": null, "buy_1000": null, "sell_5000": null, "buy_5000": null, "sell_10000": null, "buy_10000": null, "sell_50000": null, "buy_50000": null}, "bids_raw": [], "asks_raw": []}
{"type": "orderbook", "ts": "2026-06-02T18:43:32.349148+00:00", "snapshot_idx": 1, "exchange": "kucoin", "coin": "DAI", "market": "USDT/DAI", "error": "kucoin does not have market symbol USDT/DAI"}
{"type": "orderbook", "ts": "2026-06-02T18:43:32.349148+00:00", "snapshot_idx": 1, "exchange": "bybit", "coin": "DAI", "market": "DAI/USDT", "error": "bybit does not have market symbol DAI/USDT"}
{"type": "orderbook", "ts": "2026-06-02T18:43:32.349148+00:00", "snapshot_idx": 1, "exchange": "gateio", "coin": "DAI", "market": "DAI/USDT", "error": "gateio does not have market symbol DAI/USDT"}
{"type": "orderbook", "ts": "2026-06-02T18:43:32.349148+00:00", "snapshot_idx": 1, "exchange": "mexc", "coin": "DAI", "market": "DAI/USDT", "error": "mexc does not have market symbol DAI/USDT"}
{"type": "orderbook", "ts": "2026-06-02T18:43:32.349148+00:00", "snapshot_idx": 1, "exchange": "htx", "coin": "DAI", "market": "DAI/USDT", "error": "htx {\"ts\":1780425819160,\"status\":\"error\",\"err-code\":\"invalid-parameter\",\"err-msg\":\"invalid symbol\"}"}
{"type": "orderbook", "ts": "2026-06-02T18:43:32.349148+00:00", "snapshot_idx": 1, "exchange": "binance", "coin": "TUSD", "market": "TUSD/USDT", "depth_levels": 20, "best_bid": 0.9997, "best_ask": 0.9998, "bid_depth_units": 1200431.0, "ask_depth_units": 559616.0, "bid_vwap": 0.9990552745638858, "ask_vwap": 1.00049352627516, "imbalance": 0.682045, "slippage_bps": {"sell_1000": 0.0, "buy_1000": 0.0, "sell_5000": 0.0, "buy_5000": 0.0, "sell_10000": 0.0, "buy_10000": 0.0, "sell_50000": 0.0, "buy_50000": 0.0}, "bids_raw": [[0.9997, 135405.0], [0.9996, 102138.0], [0.9995, 301518.0], [0.9994, 518.0], [0.9993, 18.0], [0.9992, 100018.0], [0.9991, 18.0], [0.999, 200024.0], [0.9989, 24.0], [0.9988, 24.0], [0.9987, 18.0], [0.9986, 18.0], [0.9985, 200018.0], [0.9984, 18.0], [0.9983, 18.0], [0.9982, 18.0], [0.9981, 18.0], [0.998, 160552.0], [0.9979, 24.0], [0.9978, 24.0]], "asks_raw": [[0.9998, 794.0], [0.9999, 2068.0], [1.0, 7766.0], [1.0001, 76036.0], [1.0002, 74089.0], [1.0003, 50764.0], [1.0004, 51744.0], [1.0005, 100744.0], [1.0006, 42738.0], [1.0007, 70723.0], [1.0008, 738.0], [1.0009, 70424.0], [1.001, 417.0], [1.0011, 178.0], [1.0012, 18.0], [1.002, 200.0], [1.0027, 10019.0], [1.0033, 28.0], [1.004, 100.0], [1.0047, 28.0]]}
{"type": "orderbook", "ts": "2026-06-02T18:43:32.349148+00:00", "snapshot_idx": 1, "exchange": "binance", "coin": "FDUSD", "market": "FDUSD/USDT", "depth_levels": 20, "best_bid": 0.9988, "best_ask": 0.9989, "bid_depth_units": 6601499.0, "ask_depth_units": 9177601.0, "bid_vwap": 0.9982868456391496, "ask_vwap": 0.9995977800298792, "imbalance": 0.41837, "slippage_bps": {"sell_1000": 0.0, "buy_1000": 0.0, "sell_5000": 0.0, "buy_5000": 0.0, "sell_10000": 0.0, "buy_10000": 0.0, "sell_50000": 0.0, "buy_50000": 0.0}, "bids_raw": [[0.9988, 130770.0], [0.9987, 315406.0], [0.9986, 749109.0], [0.9985, 1036589.0], [0.9984, 902889.0], [0.9983, 793720.0], [0.9982, 1047098.0], [0.9981, 401150.0], [0.998, 438419.0], [0.9979, 150884.0], [0.9978, 67515.0], [0.9977, 350938.0], [0.9976, 154134.0], [0.9975, 11390.0], [0.9974, 2216.0], [0.9973, 3097.0], [0.9972, 2664.0], [0.9971, 24058.0], [0.997, 15455.0], [0.9969, 3998.0]], "asks_raw": [[0.9989, 603660.0], [0.999, 243176.0], [0.9991, 798634.0], [0.9992, 935123.0], [0.9993, 1404826.0], [0.9994, 495010.0], [0.9995, 483237.0], [0.9996, 56114.0], [0.9997, 43450.0], [0.9998, 108982.0], [0.9999, 743224.0], [1.0, 1152311.0], [1.0001, 1031661.0], [1.0002, 1013526.0], [1.0003, 17713.0], [1.0004, 7497.0], [1.0005, 19938.0], [1.0006, 17253.0], [1.0007, 589.0], [1.0008, 1677.0]]}
{"type": "orderbook", "ts": "2026-06-02T18:43:32.349148+00:00", "snapshot_idx": 1, "exchange": "binance", "coin": "BUSD", "market": "BUSD/USDT", "depth_levels": 20, "best_bid": null, "best_ask": null, "bid_depth_units": 0.0, "ask_depth_units": 0.0, "bid_vwap": null, "ask_vwap": null, "imbalance": 0.5, "slippage_bps": {"sell_1000": null, "buy_1000": null, "sell_5000": null, "buy_5000": null, "sell_10000": null, "buy_10000": null, "sell_50000": null, "buy_50000": null}, "bids_raw": [], "asks_raw": []}
{"type": "orderbook", "ts": "2026-06-02T18:43:32.349148+00:00", "snapshot_idx": 1, "exchange": "binance", "coin": "USDP", "market": "USDP/USDT", "depth_levels": 20, "best_bid": 1.0006, "best_ask": 1.0007, "bid_depth_units": 138945.0, "ask_depth_units": 114020.0, "bid_vwap": 0.9994723977113246, "ask_vwap": 1.003120915628837, "imbalance": 0.549266, "slippage_bps": {"sell_1000": 0.0, "buy_1000": 0.0, "sell_5000": 0.0, "buy_5000": 0.0, "sell_10000": 0.0, "buy_10000": 0.0, "sell_50000": 0.0, "buy_50000": 0.0}, "bids_raw": [[1.0006, 4215.0], [1.0005, 5561.0], [1.0004, 6.0], [1.0003, 505.0], [1.0002, 9356.0], [1.0001, 17.0], [1.0, 17.0], [0.9999, 17.0], [0.9998, 11713.0], [0.9997, 20006.0], [0.9996, 6.0], [0.9995, 9264.0], [0.9994, 13964.0], [0.9993, 6.0], [0.9992, 6.0], [0.9991, 50135.0], [0.999, 14133.0], [0.9989, 6.0], [0.9988, 6.0], [0.9987, 6.0]], "asks_raw": [[1.0007, 2473.0], [1.0008, 543.0], [1.0009, 38.0], [1.001, 34.0], [1.0011, 194.0], [1.0012, 2798.0], [1.0013, 6.0], [1.0014, 5017.0], [1.0015, 5005.0], [1.0016, 3664.0], [1.0021, 4876.0], [1.0025, 5972.0], [1.0027, 242.0], [1.0029, 6022.0], [1.0033, 6219.0], [1.0036, 50123.0], [1.0037, 6850.0], [1.0041, 6810.0], [1.0045, 6941.0], [1.0046, 193.0]]}
{"type": "orderbook", "ts": "2026-06-02T18:43:32.349148+00:00", "snapshot_idx": 1, "exchange": "binance", "coin": "GUSD", "market": "GUSD/USDT", "error": "binance does not have market symbol GUSD/USDT"}
