{"type": "trades", "ts": "2026-06-02T18:43:45.576372+00:00", "snapshot_idx": 1, "exchange": "binance", "coin": "USDT", "market": "USDC/USDT", "trade_count": 50, "price_min": 1.00112, "price_max": 1.00114, "price_mean": 1.001128, "total_volume": 247796.0, "buy_count": 30, "sell_count": 20, "buy_volume": 236371.0, "sell_volume": 11425.0, "buy_sell_ratio": 20.6889, "time_span_sec": 6.67, "trades_raw": [{"ts": 1780425824595, "price": 1.00113, "amount": 120.0, "side": "buy"}, {"ts": 1780425824613, "price": 1.00112, "amount": 6.0, "side": "sell"}, {"ts": 1780425825463, "price": 1.00113, "amount": 65.0, "side": "buy"}, {"ts": 1780425825520, "price": 1.00113, "amount": 93.0, "side": "buy"}, {"ts": 1780425825695, "price": 1.00113, "amount": 5.0, "side": "buy"}, {"ts": 1780425825815, "price": 1.00113, "amount": 130702.0, "side": "buy"}, {"ts": 1780425825815, "price": 1.00114, "amount": 77765.0, "side": "buy"}, {"ts": 1780425825831, "price": 1.00113, "amount": 9.0, "side": "buy"}, {"ts": 1780425825847, "price": 1.00114, "amount": 3289.0, "side": "buy"}, {"ts": 1780425825847, "price": 1.00114, "amount": 2081.0, "side": "buy"}, {"ts": 1780425825847, "price": 1.00114, "amount": 2685.0, "side": "buy"}, {"ts": 1780425825888, "price": 1.00113, "amount": 6.0, "side": "sell"}, {"ts": 1780425826584, "price": 1.00113, "amount": 7.0, "side": "sell"}, {"ts": 1780425826584, "price": 1.00112, "amount": 44.0, "side": "sell"}, {"ts": 1780425826587, "price": 1.00112, "amount": 146.0, "side": "sell"}, {"ts": 1780425827547, "price": 1.00114, "amount": 381.0, "side": "buy"}, {"ts": 1780425827547, "price": 1.00114, "amount": 1525.0, "side": "buy"}, {"ts": 1780425827548, "price": 1.00114, "amount": 762.0, "side": "buy"}, {"ts": 1780425827548, "price": 1.00114, "amount": 12.0, "side": "buy"}, {"ts": 1780425827552, "price": 1.00112, "amount": 190.0, "side": "sell"}]}
{"type": "trades", "ts": "2026-06-02T18:43:45.576372+00:00", "snapshot_idx": 1, "exchange": "kraken", "coin": "USDT", "market": "USDT/USD", "trade_count": 50, "price_min": 0.9985, "price_max": 0.99851, "price_mean": 0.9985052, "total_volume": 157452.61363694, "buy_count": 26, "sell_count": 24, "buy_volume": 26864.3511, "sell_volume": 130588.2625, "buy_sell_ratio": 0.2057, "time_span_sec": 124.88, "trades_raw": [{"ts": 1780425771446, "price": 0.99851, "amount": 172.27722772, "side": "buy"}, {"ts": 1780425771449, "price": 0.9985, "amount": 173.58989, "side": "sell"}, {"ts": 1780425771521, "price": 0.99851, "amount": 172.20004887, "side": "buy"}, {"ts": 1780425771692, "price": 0.9985, "amount": 20000.0, "side": "sell"}, {"ts": 1780425771869, "price": 0.99851, "amount": 599.83600883, "side": "buy"}, {"ts": 1780425772073, "price": 0.99851, "amount": 1270.49261754, "side": "buy"}, {"ts": 1780425772092, "price": 0.99851, "amount": 1050.82034292, "side": "buy"}, {"ts": 1780425774639, "price": 0.9985, "amount": 100137.92664727, "side": "sell"}, {"ts": 1780425780084, "price": 0.99851, "amount": 43.61498632, "side": "buy"}, {"ts": 1780425781855, "price": 0.99851, "amount": 135.6621, "side": "buy"}, {"ts": 1780425785185, "price": 0.99851, "amount": 10.0, "side": "buy"}, {"ts": 1780425785641, "price": 0.99851, "amount": 13.738457, "side": "buy"}, {"ts": 1780425795924, "price": 0.9985, "amount": 34.8, "side": "sell"}, {"ts": 1780425796886, "price": 0.9985, "amount": 34.8, "side": "sell"}, {"ts": 1780425798662, "price": 0.99851, "amount": 2087.93101722, "side": "buy"}, {"ts": 1780425801175, "price": 0.99851, "amount": 594.9459, "side": "buy"}, {"ts": 1780425804525, "price": 0.9985, "amount": 2073.6, "side": "sell"}, {"ts": 1780425819756, "price": 0.9985, "amount": 5.00247525, "side": "sell"}, {"ts": 1780425825937, "price": 0.9985, "amount": 69.6, "side": "sell"}, {"ts": 1780425826889, "price": 0.9985, "amount": 69.6, "side": "sell"}]}
{"type": "trades", "ts": "2026-06-02T18:43:45.576372+00:00", "snapshot_idx": 1, "exchange": "kucoin", "coin": "USDT", "market": "USDT/USDC", "trade_count": 50, "price_min": 0.9987, "price_max": 0.9988, "price_mean": 0.998778, "total_volume": 10950.48, "buy_count": 39, "sell_count": 11, "buy_volume": 8851.67, "sell_volume": 2098.81, "buy_sell_ratio": 4.2175, "time_span_sec": 777.29, "trades_raw": [{"ts": 1780425575120, "price": 0.9988, "amount": 180.04, "side": "buy"}, {"ts": 1780425575120, "price": 0.9988, "amount": 179.71, "side": "buy"}, {"ts": 1780425575120, "price": 0.9988, "amount": 180.04, "side": "buy"}, {"ts": 1780425575120, "price": 0.9988, "amount": 71.82, "side": "buy"}, {"ts": 1780425575129, "price": 0.9987, "amount": 38.11, "side": "sell"}, {"ts": 1780425586608, "price": 0.9988, "amount": 2.95, "side": "buy"}, {"ts": 1780425588396, "price": 0.9988, "amount": 76.92, "side": "buy"}, {"ts": 1780425590076, "price": 0.9987, "amount": 400.0, "side": "sell"}, {"ts": 1780425597742, "price": 0.9988, "amount": 1.54, "side": "buy"}, {"ts": 1780425602257, "price": 0.9988, "amount": 27.78, "side": "buy"}, {"ts": 1780425604153, "price": 0.9988, "amount": 0.58, "side": "buy"}, {"ts": 1780425630027, "price": 0.9988, "amount": 1.25, "side": "buy"}, {"ts": 1780425642030, "price": 0.9987, "amount": 699.21, "side": "sell"}, {"ts": 1780425651182, "price": 0.9987, "amount": 75.325626657872, "side": "sell"}, {"ts": 1780425651182, "price": 0.9987, "amount": 624.674373342128, "side": "sell"}, {"ts": 1780425695857, "price": 0.9987, "amount": 79.82, "side": "sell"}, {"ts": 1780425695864, "price": 0.9988, "amount": 187.91, "side": "buy"}, {"ts": 1780425712092, "price": 0.9988, "amount": 161.62, "side": "buy"}, {"ts": 1780425726142, "price": 0.9988, "amount": 168.2, "side": "buy"}, {"ts": 1780425817235, "price": 0.9988, "amount": 126.35, "side": "buy"}]}
{"type": "trades", "ts": "2026-06-02T18:43:45.576372+00:00", "snapshot_idx": 1, "exchange": "bybit", "coin": "USDT", "market": "USDC/USDT", "trade_count": 50, "price_min": 1.0011, "price_max": 1.0012, "price_mean": 1.001114, "total_volume": 39851.979999999996, "buy_count": 7, "sell_count": 43, "buy_volume": 495.28, "sell_volume": 39356.7, "buy_sell_ratio": 0.0126, "time_span_sec": 41.17, "trades_raw": [{"ts": 1780425821599, "price": 1.0011, "amount": 11.96, "side": "sell"}, {"ts": 1780425821600, "price": 1.0011, "amount": 13.97, "side": "sell"}, {"ts": 1780425821802, "price": 1.0012, "amount": 24.01, "side": "buy"}, {"ts": 1780425824162, "price": 1.0011, "amount": 157.22, "side": "sell"}, {"ts": 1780425824169, "price": 1.0011, "amount": 157.2, "side": "sell"}, {"ts": 1780425824210, "price": 1.0011, "amount": 43.06, "side": "sell"}, {"ts": 1780425824423, "price": 1.0012, "amount": 49.95, "side": "buy"}, {"ts": 1780425825101, "price": 1.0011, "amount": 79.9, "side": "sell"}, {"ts": 1780425825569, "price": 1.0011, "amount": 51.94, "side": "sell"}, {"ts": 1780425826534, "price": 1.0011, "amount": 1203.22, "side": "sell"}, {"ts": 1780425827602, "price": 1.0011, "amount": 52.37, "side": "sell"}, {"ts": 1780425827650, "price": 1.0012, "amount": 89.52, "side": "buy"}, {"ts": 1780425827652, "price": 1.0011, "amount": 73.86, "side": "sell"}, {"ts": 1780425827662, "price": 1.0011, "amount": 122.73, "side": "sell"}, {"ts": 1780425827662, "price": 1.0011, "amount": 55.62, "side": "sell"}, {"ts": 1780425827662, "price": 1.0011, "amount": 48.89, "side": "sell"}, {"ts": 1780425827722, "price": 1.0012, "amount": 203.83, "side": "buy"}, {"ts": 1780425827952, "price": 1.0011, "amount": 30.68, "side": "sell"}, {"ts": 1780425827952, "price": 1.0011, "amount": 98.78, "side": "sell"}, {"ts": 1780425827953, "price": 1.0011, "amount": 48.88, "side": "sell"}]}
{"type": "trades", "ts": "2026-06-02T18:43:45.576372+00:00", "snapshot_idx": 1, "exchange": "okx", "coin": "USDT", "market": "USDC/USDT", "trade_count": 50, "price_min": 1.0012, "price_max": 1.0013, "price_mean": 1.0012560000000001, "total_volume": 906210.496558, "buy_count": 28, "sell_count": 22, "buy_volume": 901165.887, "sell_volume": 5044.6096, "buy_sell_ratio": 178.6394, "time_span_sec": 77.49, "trades_raw": [{"ts": 1780425771457, "price": 1.0013, "amount": 100.034207, "side": "buy"}, {"ts": 1780425777383, "price": 1.0012, "amount": 9.999441, "side": "sell"}, {"ts": 1780425777393, "price": 1.0012, "amount": 1.8918, "side": "sell"}, {"ts": 1780425779600, "price": 1.0012, "amount": 147.236516, "side": "sell"}, {"ts": 1780425779630, "price": 1.0012, "amount": 36.988396, "side": "sell"}, {"ts": 1780425784287, "price": 1.0013, "amount": 4.156596, "side": "buy"}, {"ts": 1780425784406, "price": 1.0013, "amount": 59.8662, "side": "buy"}, {"ts": 1780425784768, "price": 1.0012, "amount": 96.888611, "side": "sell"}, {"ts": 1780425788038, "price": 1.0012, "amount": 7.786, "side": "sell"}, {"ts": 1780425788041, "price": 1.0012, "amount": 3.892, "side": "sell"}, {"ts": 1780425791796, "price": 1.0012, "amount": 1.8938, "side": "sell"}, {"ts": 1780425797303, "price": 1.0012, "amount": 1.8934, "side": "sell"}, {"ts": 1780425799823, "price": 1.0012, "amount": 2189.01, "side": "sell"}, {"ts": 1780425803190, "price": 1.0012, "amount": 1.123614, "side": "sell"}, {"ts": 1780425805173, "price": 1.0012, "amount": 1.8894, "side": "sell"}, {"ts": 1780425816367, "price": 1.0012, "amount": 690.42159, "side": "sell"}, {"ts": 1780425819131, "price": 1.0012, "amount": 78.15359, "side": "sell"}, {"ts": 1780425823226, "price": 1.0012, "amount": 1.8848, "side": "sell"}, {"ts": 1780425826452, "price": 1.0013, "amount": 1001.83, "side": "buy"}, {"ts": 1780425826885, "price": 1.0012, "amount": 232.06286, "side": "sell"}]}
{"type": "trades", "ts": "2026-06-02T18:43:45.576372+00:00", "snapshot_idx": 1, "exchange": "gateio", "coin": "USDT", "market": "USDC/USDT", "trade_count": 50, "price_min": 1.0007, "price_max": 1.0008, "price_mean": 1.000784, "total_volume": 2958.83, "buy_count": 42, "sell_count": 8, "buy_volume": 2417.66, "sell_volume": 541.17, "buy_sell_ratio": 4.4675, "time_span_sec": 41.36, "trades_raw": [{"ts": 1780425787111, "price": 1.0008, "amount": 49.41, "side": "buy"}, {"ts": 1780425787111, "price": 1.0008, "amount": 49.41, "side": "buy"}, {"ts": 1780425791741, "price": 1.0008, "amount": 101.87, "side": "buy"}, {"ts": 1780425797707, "price": 1.0008, "amount": 26.91, "side": "buy"}, {"ts": 1780425798027, "price": 1.0008, "amount": 110.06, "side": "buy"}, {"ts": 1780425799674, "price": 1.0008, "amount": 7.9, "side": "buy"}, {"ts": 1780425801369, "price": 1.0008, "amount": 9.19, "side": "buy"}, {"ts": 1780425803293, "price": 1.0007, "amount": 110.06, "side": "sell"}, {"ts": 1780425806718, "price": 1.0008, "amount": 110.05, "side": "buy"}, {"ts": 1780425808783, "price": 1.0007, "amount": 12.35, "side": "sell"}, {"ts": 1780425811247, "price": 1.0007, "amount": 110.05, "side": "sell"}, {"ts": 1780425814449, "price": 1.0008, "amount": 110.04, "side": "buy"}, {"ts": 1780425817539, "price": 1.0007, "amount": 110.04, "side": "sell"}, {"ts": 1780425819265, "price": 1.0008, "amount": 27.6, "side": "buy"}, {"ts": 1780425820655, "price": 1.0008, "amount": 110.03, "side": "buy"}, {"ts": 1780425822682, "price": 1.0007, "amount": 7.66, "side": "sell"}, {"ts": 1780425822684, "price": 1.0007, "amount": 48.05, "side": "sell"}, {"ts": 1780425823283, "price": 1.0007, "amount": 32.93, "side": "sell"}, {"ts": 1780425823692, "price": 1.0007, "amount": 110.03, "side": "sell"}, {"ts": 1780425827684, "price": 1.0008, "amount": 222.89, "side": "buy"}]}
{"type": "trades", "ts": "2026-06-02T18:43:45.576372+00:00", "snapshot_idx": 1, "exchange": "bitget", "coin": "USDT", "market": "USDC/USDT", "trade_count": 50, "price_min": 1.0011, "price_max": 1.0012, "price_mean": 1.0011520000000003, "total_volume": 8627.8233, "buy_count": 26, "sell_count": 24, "buy_volume": 6710.9627, "sell_volume": 1916.8606, "buy_sell_ratio": 3.501, "time_span_sec": 198.55, "trades_raw": [{"ts": 1780425769056, "price": 1.0011, "amount": 13.1489, "side": "sell"}, {"ts": 1780425771861, "price": 1.0012, "amount": 106.7686, "side": "buy"}, {"ts": 1780425771863, "price": 1.0012, "amount": 112.8408, "side": "buy"}, {"ts": 1780425771874, "price": 1.0012, "amount": 9.9525, "side": "buy"}, {"ts": 1780425779565, "price": 1.0012, "amount": 77.727, "side": "buy"}, {"ts": 1780425779580, "price": 1.0011, "amount": 148.3352, "side": "sell"}, {"ts": 1780425783854, "price": 1.0011, "amount": 111.9267, "side": "sell"}, {"ts": 1780425787443, "price": 1.0012, "amount": 18.2952, "side": "buy"}, {"ts": 1780425792130, "price": 1.0012, "amount": 1392.2354, "side": "buy"}, {"ts": 1780425793371, "price": 1.0011, "amount": 1.2983, "side": "sell"}, {"ts": 1780425793419, "price": 1.0012, "amount": 9.7377, "side": "buy"}, {"ts": 1780425795384, "price": 1.0011, "amount": 16.7392, "side": "sell"}, {"ts": 1780425795971, "price": 1.0011, "amount": 43.9603, "side": "sell"}, {"ts": 1780425798211, "price": 1.0012, "amount": 79.3913, "side": "buy"}, {"ts": 1780425799335, "price": 1.0011, "amount": 10.07, "side": "sell"}, {"ts": 1780425800034, "price": 1.0012, "amount": 293.2483, "side": "buy"}, {"ts": 1780425823285, "price": 1.0012, "amount": 95.4316, "side": "buy"}, {"ts": 1780425824118, "price": 1.0011, "amount": 51.1635, "side": "sell"}, {"ts": 1780425825455, "price": 1.0012, "amount": 41.2547, "side": "buy"}, {"ts": 1780425828606, "price": 1.0011, "amount": 38.8231, "side": "sell"}]}
{"type": "trades", "ts": "2026-06-02T18:43:45.576372+00:00", "snapshot_idx": 1, "exchange": "mexc", "coin": "USDT", "market": "USDC/USDT", "trade_count": 50, "price_min": 1.00112, "price_max": 1.00114, "price_mean": 1.001127, "total_volume": 9109.81, "buy_count": 19, "sell_count": 31, "buy_volume": 1861.65, "sell_volume": 7248.16, "buy_sell_ratio": 0.2568, "time_span_sec": 42.0, "trades_raw": [{"ts": 1780425812000, "price": 1.00112, "amount": 1.55, "side": "sell"}, {"ts": 1780425812000, "price": 1.00113, "amount": 37.22, "side": "sell"}, {"ts": 1780425813000, "price": 1.00113, "amount": 2.73, "side": "buy"}, {"ts": 1780425813000, "price": 1.00113, "amount": 16.36, "side": "sell"}, {"ts": 1780425814000, "price": 1.00112, "amount": 10.02, "side": "sell"}, {"ts": 1780425815000, "price": 1.00112, "amount": 15.88, "side": "buy"}, {"ts": 1780425815000, "price": 1.00113, "amount": 213.29, "side": "buy"}, {"ts": 1780425815000, "price": 1.00112, "amount": 33.5, "side": "sell"}, {"ts": 1780425815000, "price": 1.00113, "amount": 63.97, "side": "sell"}, {"ts": 1780425816000, "price": 1.00112, "amount": 364.63, "side": "sell"}, {"ts": 1780425816000, "price": 1.00113, "amount": 5.22, "side": "sell"}, {"ts": 1780425817000, "price": 1.00113, "amount": 333.62, "side": "buy"}, {"ts": 1780425818000, "price": 1.00112, "amount": 16.09, "side": "buy"}, {"ts": 1780425818000, "price": 1.00112, "amount": 24.2, "side": "sell"}, {"ts": 1780425819000, "price": 1.00112, "amount": 1.19, "side": "sell"}, {"ts": 1780425820000, "price": 1.00113, "amount": 3.26, "side": "buy"}, {"ts": 1780425820000, "price": 1.00112, "amount": 9.79, "side": "sell"}, {"ts": 1780425821000, "price": 1.00113, "amount": 581.03, "side": "buy"}, {"ts": 1780425821000, "price": 1.00112, "amount": 13.06, "side": "sell"}, {"ts": 1780425821000, "price": 1.00113, "amount": 2.88, "side": "sell"}]}
{"type": "trades", "ts": "2026-06-02T18:43:45.576372+00:00", "snapshot_idx": 1, "exchange": "htx", "coin": "USDT", "market": "USDC/USDT", "trade_count": 50, "price_min": 1.0009, "price_max": 1.0009, "price_mean": 1.0009, "total_volume": 97816.6279, "buy_count": 29, "sell_count": 21, "buy_volume": 52802.561, "sell_volume": 45014.0669, "buy_sell_ratio": 1.173, "time_span_sec": 170.03, "trades_raw": [{"ts": 1780425757290, "price": 1.0009, "amount": 3232.7934, "side": "sell"}, {"ts": 1780425762080, "price": 1.0009, "amount": 3384.0582, "side": "sell"}, {"ts": 1780425763769, "price": 1.0009, "amount": 1338.325, "side": "buy"}, {"ts": 1780425775590, "price": 1.0009, "amount": 2317.1289, "side": "buy"}, {"ts": 1780425784580, "price": 1.0009, "amount": 592.4671, "side": "buy"}, {"ts": 1780425789722, "price": 1.0009, "amount": 1960.9586, "side": "sell"}, {"ts": 1780425790790, "price": 1.0009, "amount": 1872.9777, "side": "buy"}, {"ts": 1780425792690, "price": 1.0009, "amount": 1697.4343, "side": "buy"}, {"ts": 1780425793991, "price": 1.0009, "amount": 2094.8942, "side": "sell"}, {"ts": 1780425796090, "price": 1.0009, "amount": 1459.7863, "side": "buy"}, {"ts": 1780425798188, "price": 1.0009, "amount": 699.7549, "side": "buy"}, {"ts": 1780425806470, "price": 1.0009, "amount": 3368.9134, "side": "buy"}, {"ts": 1780425810150, "price": 1.0009, "amount": 1899.5389, "side": "buy"}, {"ts": 1780425812746, "price": 1.0009, "amount": 1422.3307, "side": "buy"}, {"ts": 1780425816610, "price": 1.0009, "amount": 1892.1037, "side": "sell"}, {"ts": 1780425819431, "price": 1.0009, "amount": 2166.0308, "side": "buy"}, {"ts": 1780425819880, "price": 1.0009, "amount": 2817.2024, "side": "sell"}, {"ts": 1780425822430, "price": 1.0009, "amount": 2767.8386, "side": "buy"}, {"ts": 1780425828509, "price": 1.0009, "amount": 1992.6688, "side": "sell"}, {"ts": 1780425829201, "price": 1.0009, "amount": 1650.588, "side": "sell"}]}
{"type": "trades", "ts": "2026-06-02T18:43:45.576372+00:00", "snapshot_idx": 1, "exchange": "cryptocom", "coin": "USDT", "market": "USDC/USDT", "error": "cryptocom does not have market symbol USDC/USDT"}
{"type": "trades", "ts": "2026-06-02T18:43:45.576372+00:00", "snapshot_idx": 1, "exchange": "phemex", "coin": "USDT", "market": "USDC/USDT", "trade_count": 50, "price_min": 100080000.0, "price_max": 100130000.0, "price_mean": 100109000.0, "total_volume": 54118366000000.0, "buy_count": 19, "sell_count": 31, "buy_volume": 19299411000000.0, "sell_volume": 34818955000000.0, "buy_sell_ratio": 0.5543, "time_span_sec": 288.42, "trades_raw": [{"ts": 1780425704179, "price": 100130000.0, "amount": 698520000000.0, "side": "buy"}, {"ts": 1780425704180, "price": 100130000.0, "amount": 231980000000.0, "side": "buy"}, {"ts": 1780425714422, "price": 100100000.0, "amount": 332880000000.0, "side": "sell"}, {"ts": 1780425716429, "price": 100100000.0, "amount": 89982000000.0, "side": "sell"}, {"ts": 1780425728350, "price": 100100000.0, "amount": 515000000000.0, "side": "sell"}, {"ts": 1780425730968, "price": 100100000.0, "amount": 454900000000.0, "side": "sell"}, {"ts": 1780425740960, "price": 100130000.0, "amount": 812493000000.0, "side": "buy"}, {"ts": 1780425740960, "price": 100130000.0, "amount": 375007000000.0, "side": "buy"}, {"ts": 1780425752334, "price": 100130000.0, "amount": 837000000000.0, "side": "buy"}, {"ts": 1780425752334, "price": 100130000.0, "amount": 525000000000.0, "side": "buy"}, {"ts": 1780425752334, "price": 100130000.0, "amount": 38000000000.0, "side": "buy"}, {"ts": 1780425765410, "price": 100100000.0, "amount": 885900000000.0, "side": "sell"}, {"ts": 1780425778746, "price": 100100000.0, "amount": 248750000000.0, "side": "sell"}, {"ts": 1780425783630, "price": 100100000.0, "amount": 118000000000.0, "side": "sell"}, {"ts": 1780425795013, "price": 100130000.0, "amount": 469130000000.0, "side": "buy"}, {"ts": 1780425796135, "price": 100130000.0, "amount": 206125000000.0, "side": "buy"}, {"ts": 1780425809739, "price": 100100000.0, "amount": 520000000000.0, "side": "sell"}, {"ts": 1780425811783, "price": 100130000.0, "amount": 15700000000.0, "side": "buy"}, {"ts": 1780425820128, "price": 100130000.0, "amount": 177000000000.0, "side": "buy"}, {"ts": 1780425824893, "price": 100100000.0, "amount": 200000000000.0, "side": "sell"}]}
{"type": "trades", "ts": "2026-06-02T18:43:45.576372+00:00", "snapshot_idx": 1, "exchange": "binance", "coin": "USDC", "market": "USDC/USDT", "trade_count": 50, "price_min": 1.00112, "price_max": 1.00114, "price_mean": 1.0011307999999999, "total_volume": 239744.0, "buy_count": 31, "sell_count": 19, "buy_volume": 233512.0, "sell_volume": 6232.0, "buy_sell_ratio": 37.4698, "time_span_sec": 5.71, "trades_raw": [{"ts": 1780425827584, "price": 1.00112, "amount": 763.0, "side": "sell"}, {"ts": 1780425827584, "price": 1.00114, "amount": 381.0, "side": "buy"}, {"ts": 1780425827586, "price": 1.00112, "amount": 763.0, "side": "sell"}, {"ts": 1780425827588, "price": 1.00114, "amount": 1343.0, "side": "buy"}, {"ts": 1780425827601, "price": 1.00114, "amount": 381.0, "side": "buy"}, {"ts": 1780425827601, "price": 1.00112, "amount": 190.0, "side": "sell"}, {"ts": 1780425827602, "price": 1.00114, "amount": 762.0, "side": "buy"}, {"ts": 1780425827612, "price": 1.00112, "amount": 244.0, "side": "sell"}, {"ts": 1780425827907, "price": 1.00112, "amount": 255.0, "side": "sell"}, {"ts": 1780425828034, "price": 1.00114, "amount": 158.0, "side": "buy"}, {"ts": 1780425828040, "price": 1.00114, "amount": 1041.0, "side": "buy"}, {"ts": 1780425829026, "price": 1.00114, "amount": 268.0, "side": "buy"}, {"ts": 1780425829085, "price": 1.00114, "amount": 268.0, "side": "buy"}, {"ts": 1780425829089, "price": 1.00112, "amount": 200.0, "side": "sell"}, {"ts": 1780425829099, "price": 1.00114, "amount": 201.0, "side": "buy"}, {"ts": 1780425829127, "price": 1.00114, "amount": 6.0, "side": "buy"}, {"ts": 1780425829277, "price": 1.00114, "amount": 604.0, "side": "buy"}, {"ts": 1780425829455, "price": 1.00112, "amount": 829.0, "side": "sell"}, {"ts": 1780425829483, "price": 1.00112, "amount": 157.0, "side": "sell"}, {"ts": 1780425829586, "price": 1.00114, "amount": 325.0, "side": "buy"}]}
{"type": "trades", "ts": "2026-06-02T18:43:45.576372+00:00", "snapshot_idx": 1, "exchange": "kraken", "coin": "USDC", "market": "USDC/USD", "trade_count": 50, "price_min": 0.9996, "price_max": 0.9997, "price_mean": 0.999658, "total_volume": 81007.63598952, "buy_count": 29, "sell_count": 21, "buy_volume": 25295.8934, "sell_volume": 55711.7426, "buy_sell_ratio": 0.454, "time_span_sec": 323.23, "trades_raw": [{"ts": 1780425687385, "price": 0.9996, "amount": 3816.04, "side": "sell"}, {"ts": 1780425702608, "price": 0.9997, "amount": 6.25605428, "side": "buy"}, {"ts": 1780425710660, "price": 0.9996, "amount": 21.37359208, "side": "sell"}, {"ts": 1780425711266, "price": 0.9997, "amount": 188.96379007, "side": "buy"}, {"ts": 1780425716831, "price": 0.9996, "amount": 26852.192, "side": "sell"}, {"ts": 1780425718568, "price": 0.9997, "amount": 7120.0150045, "side": "buy"}, {"ts": 1780425720079, "price": 0.9996, "amount": 26.90246233, "side": "sell"}, {"ts": 1780425720741, "price": 0.9997, "amount": 4313.94308292, "side": "buy"}, {"ts": 1780425721254, "price": 0.9997, "amount": 1832.4, "side": "buy"}, {"ts": 1780425722929, "price": 0.9997, "amount": 50.00982431, "side": "buy"}, {"ts": 1780425722942, "price": 0.9997, "amount": 17.26107084, "side": "buy"}, {"ts": 1780425740364, "price": 0.9997, "amount": 6999.98999799, "side": "buy"}, {"ts": 1780425741606, "price": 0.9997, "amount": 245.38598211, "side": "buy"}, {"ts": 1780425744048, "price": 0.9996, "amount": 1999.72311925, "side": "sell"}, {"ts": 1780425747496, "price": 0.9997, "amount": 1221.7, "side": "buy"}, {"ts": 1780425767041, "price": 0.9997, "amount": 303.746439, "side": "buy"}, {"ts": 1780425770074, "price": 0.9996, "amount": 181.398626, "side": "sell"}, {"ts": 1780425771516, "price": 0.9996, "amount": 210.15726772, "side": "sell"}, {"ts": 1780425788673, "price": 0.9997, "amount": 707.172275, "side": "buy"}, {"ts": 1780425795604, "price": 0.9997, "amount": 261.40552165, "side": "buy"}]}
{"type": "trades", "ts": "2026-06-02T18:43:45.576372+00:00", "snapshot_idx": 1, "exchange": "kucoin", "coin": "USDC", "market": "USDC/USDT", "trade_count": 50, "price_min": 1.001, "price_max": 1.0011, "price_mean": 1.001046, "total_volume": 52732.25, "buy_count": 23, "sell_count": 27, "buy_volume": 24287.58, "sell_volume": 28444.67, "buy_sell_ratio": 0.8539, "time_span_sec": 670.63, "trades_raw": [{"ts": 1780425539113, "price": 1.001, "amount": 0.19, "side": "sell"}, {"ts": 1780425562057, "price": 1.001, "amount": 6.0, "side": "sell"}, {"ts": 1780425562496, "price": 1.001, "amount": 11.18, "side": "sell"}, {"ts": 1780425575127, "price": 1.0011, "amount": 38.05, "side": "buy"}, {"ts": 1780425597321, "price": 1.0011, "amount": 487.82, "side": "buy"}, {"ts": 1780425613950, "price": 1.0011, "amount": 507.97, "side": "buy"}, {"ts": 1780425623865, "price": 1.0011, "amount": 126.66, "side": "buy"}, {"ts": 1780425630809, "price": 1.0011, "amount": 8981.13, "side": "buy"}, {"ts": 1780425642029, "price": 1.0011, "amount": 697.95, "side": "buy"}, {"ts": 1780425695857, "price": 1.0011, "amount": 79.63, "side": "buy"}, {"ts": 1780425695869, "price": 1.001, "amount": 29.93, "side": "sell"}, {"ts": 1780425695873, "price": 1.0011, "amount": 391.7, "side": "buy"}, {"ts": 1780425698713, "price": 1.001, "amount": 1.0, "side": "sell"}, {"ts": 1780425700846, "price": 1.0011, "amount": 816.0, "side": "buy"}, {"ts": 1780425712089, "price": 1.0011, "amount": 56.64, "side": "buy"}, {"ts": 1780425739720, "price": 1.0011, "amount": 4.52, "side": "buy"}, {"ts": 1780425740487, "price": 1.001, "amount": 129.6, "side": "sell"}, {"ts": 1780425772612, "price": 1.001, "amount": 42.0, "side": "sell"}, {"ts": 1780425794128, "price": 1.001, "amount": 1.93, "side": "sell"}, {"ts": 1780425795667, "price": 1.0011, "amount": 8981.13, "side": "buy"}]}
{"type": "trades", "ts": "2026-06-02T18:43:45.576372+00:00", "snapshot_idx": 1, "exchange": "bybit", "coin": "USDC", "market": "USDC/USDT", "trade_count": 50, "price_min": 1.0011, "price_max": 1.0012, "price_mean": 1.0011160000000001, "total_volume": 39648.909999999996, "buy_count": 8, "sell_count": 42, "buy_volume": 506.79, "sell_volume": 39142.12, "buy_sell_ratio": 0.0129, "time_span_sec": 39.61, "trades_raw": [{"ts": 1780425821802, "price": 1.0012, "amount": 24.01, "side": "buy"}, {"ts": 1780425824162, "price": 1.0011, "amount": 157.22, "side": "sell"}, {"ts": 1780425824169, "price": 1.0011, "amount": 157.2, "side": "sell"}, {"ts": 1780425824210, "price": 1.0011, "amount": 43.06, "side": "sell"}, {"ts": 1780425824423, "price": 1.0012, "amount": 49.95, "side": "buy"}, {"ts": 1780425825101, "price": 1.0011, "amount": 79.9, "side": "sell"}, {"ts": 1780425825569, "price": 1.0011, "amount": 51.94, "side": "sell"}, {"ts": 1780425826534, "price": 1.0011, "amount": 1203.22, "side": "sell"}, {"ts": 1780425827602, "price": 1.0011, "amount": 52.37, "side": "sell"}, {"ts": 1780425827650, "price": 1.0012, "amount": 89.52, "side": "buy"}, {"ts": 1780425827652, "price": 1.0011, "amount": 73.86, "side": "sell"}, {"ts": 1780425827662, "price": 1.0011, "amount": 122.73, "side": "sell"}, {"ts": 1780425827662, "price": 1.0011, "amount": 55.62, "side": "sell"}, {"ts": 1780425827662, "price": 1.0011, "amount": 48.89, "side": "sell"}, {"ts": 1780425827722, "price": 1.0012, "amount": 203.83, "side": "buy"}, {"ts": 1780425827952, "price": 1.0011, "amount": 30.68, "side": "sell"}, {"ts": 1780425827952, "price": 1.0011, "amount": 98.78, "side": "sell"}, {"ts": 1780425827953, "price": 1.0011, "amount": 48.88, "side": "sell"}, {"ts": 1780425828690, "price": 1.0011, "amount": 94.72, "side": "sell"}, {"ts": 1780425828860, "price": 1.0012, "amount": 11.51, "side": "buy"}]}
{"type": "trades", "ts": "2026-06-02T18:43:45.576372+00:00", "snapshot_idx": 1, "exchange": "okx", "coin": "USDC", "market": "USDC/USDT", "trade_count": 50, "price_min": 1.0012, "price_max": 1.0013, "price_mean": 1.0012560000000001, "total_volume": 906210.496558, "buy_count": 28, "sell_count": 22, "buy_volume": 901165.887, "sell_volume": 5044.6096, "buy_sell_ratio": 178.6394, "time_span_sec": 77.49, "trades_raw": [{"ts": 1780425771457, "price": 1.0013, "amount": 100.034207, "side": "buy"}, {"ts": 1780425777383, "price": 1.0012, "amount": 9.999441, "side": "sell"}, {"ts": 1780425777393, "price": 1.0012, "amount": 1.8918, "side": "sell"}, {"ts": 1780425779600, "price": 1.0012, "amount": 147.236516, "side": "sell"}, {"ts": 1780425779630, "price": 1.0012, "amount": 36.988396, "side": "sell"}, {"ts": 1780425784287, "price": 1.0013, "amount": 4.156596, "side": "buy"}, {"ts": 1780425784406, "price": 1.0013, "amount": 59.8662, "side": "buy"}, {"ts": 1780425784768, "price": 1.0012, "amount": 96.888611, "side": "sell"}, {"ts": 1780425788038, "price": 1.0012, "amount": 7.786, "side": "sell"}, {"ts": 1780425788041, "price": 1.0012, "amount": 3.892, "side": "sell"}, {"ts": 1780425791796, "price": 1.0012, "amount": 1.8938, "side": "sell"}, {"ts": 1780425797303, "price": 1.0012, "amount": 1.8934, "side": "sell"}, {"ts": 1780425799823, "price": 1.0012, "amount": 2189.01, "side": "sell"}, {"ts": 1780425803190, "price": 1.0012, "amount": 1.123614, "side": "sell"}, {"ts": 1780425805173, "price": 1.0012, "amount": 1.8894, "side": "sell"}, {"ts": 1780425816367, "price": 1.0012, "amount": 690.42159, "side": "sell"}, {"ts": 1780425819131, "price": 1.0012, "amount": 78.15359, "side": "sell"}, {"ts": 1780425823226, "price": 1.0012, "amount": 1.8848, "side": "sell"}, {"ts": 1780425826452, "price": 1.0013, "amount": 1001.83, "side": "buy"}, {"ts": 1780425826885, "price": 1.0012, "amount": 232.06286, "side": "sell"}]}
{"type": "trades", "ts": "2026-06-02T18:43:45.576372+00:00", "snapshot_idx": 1, "exchange": "gateio", "coin": "USDC", "market": "USDC/USDT", "trade_count": 50, "price_min": 1.0007, "price_max": 1.0008, "price_mean": 1.000782, "total_volume": 2919.0499999999997, "buy_count": 41, "sell_count": 9, "buy_volume": 2331.99, "sell_volume": 587.06, "buy_sell_ratio": 3.9723, "time_span_sec": 42.06, "trades_raw": [{"ts": 1780425791741, "price": 1.0008, "amount": 101.87, "side": "buy"}, {"ts": 1780425797707, "price": 1.0008, "amount": 26.91, "side": "buy"}, {"ts": 1780425798027, "price": 1.0008, "amount": 110.06, "side": "buy"}, {"ts": 1780425799674, "price": 1.0008, "amount": 7.9, "side": "buy"}, {"ts": 1780425801369, "price": 1.0008, "amount": 9.19, "side": "buy"}, {"ts": 1780425803293, "price": 1.0007, "amount": 110.06, "side": "sell"}, {"ts": 1780425806718, "price": 1.0008, "amount": 110.05, "side": "buy"}, {"ts": 1780425808783, "price": 1.0007, "amount": 12.35, "side": "sell"}, {"ts": 1780425811247, "price": 1.0007, "amount": 110.05, "side": "sell"}, {"ts": 1780425814449, "price": 1.0008, "amount": 110.04, "side": "buy"}, {"ts": 1780425817539, "price": 1.0007, "amount": 110.04, "side": "sell"}, {"ts": 1780425819265, "price": 1.0008, "amount": 27.6, "side": "buy"}, {"ts": 1780425820655, "price": 1.0008, "amount": 110.03, "side": "buy"}, {"ts": 1780425822682, "price": 1.0007, "amount": 7.66, "side": "sell"}, {"ts": 1780425822684, "price": 1.0007, "amount": 48.05, "side": "sell"}, {"ts": 1780425823283, "price": 1.0007, "amount": 32.93, "side": "sell"}, {"ts": 1780425823692, "price": 1.0007, "amount": 110.03, "side": "sell"}, {"ts": 1780425827684, "price": 1.0008, "amount": 222.89, "side": "buy"}, {"ts": 1780425828230, "price": 1.0007, "amount": 45.89, "side": "sell"}, {"ts": 1780425828393, "price": 1.0008, "amount": 13.15, "side": "buy"}]}
{"type": "trades", "ts": "2026-06-02T18:43:45.576372+00:00", "snapshot_idx": 1, "exchange": "bitget", "coin": "USDC", "market": "USDC/USDT", "trade_count": 50, "price_min": 1.0011, "price_max": 1.0012, "price_mean": 1.00115, "total_volume": 9262.0461, "buy_count": 25, "sell_count": 25, "buy_volume": 6340.3524, "sell_volume": 2921.6937, "buy_sell_ratio": 2.1701, "time_span_sec": 198.36, "trades_raw": [{"ts": 1780425771863, "price": 1.0012, "amount": 112.8408, "side": "buy"}, {"ts": 1780425771874, "price": 1.0012, "amount": 9.9525, "side": "buy"}, {"ts": 1780425779565, "price": 1.0012, "amount": 77.727, "side": "buy"}, {"ts": 1780425779580, "price": 1.0011, "amount": 148.3352, "side": "sell"}, {"ts": 1780425783854, "price": 1.0011, "amount": 111.9267, "side": "sell"}, {"ts": 1780425787443, "price": 1.0012, "amount": 18.2952, "side": "buy"}, {"ts": 1780425792130, "price": 1.0012, "amount": 1392.2354, "side": "buy"}, {"ts": 1780425793371, "price": 1.0011, "amount": 1.2983, "side": "sell"}, {"ts": 1780425793419, "price": 1.0012, "amount": 9.7377, "side": "buy"}, {"ts": 1780425795384, "price": 1.0011, "amount": 16.7392, "side": "sell"}, {"ts": 1780425795971, "price": 1.0011, "amount": 43.9603, "side": "sell"}, {"ts": 1780425798211, "price": 1.0012, "amount": 79.3913, "side": "buy"}, {"ts": 1780425799335, "price": 1.0011, "amount": 10.07, "side": "sell"}, {"ts": 1780425800034, "price": 1.0012, "amount": 293.2483, "side": "buy"}, {"ts": 1780425823285, "price": 1.0012, "amount": 95.4316, "side": "buy"}, {"ts": 1780425824118, "price": 1.0011, "amount": 51.1635, "side": "sell"}, {"ts": 1780425825455, "price": 1.0012, "amount": 41.2547, "side": "buy"}, {"ts": 1780425828606, "price": 1.0011, "amount": 38.8231, "side": "sell"}, {"ts": 1780425830885, "price": 1.0011, "amount": 699.23, "side": "sell"}, {"ts": 1780425830889, "price": 1.0011, "amount": 499.3999, "side": "sell"}]}
{"type": "trades", "ts": "2026-06-02T18:43:45.576372+00:00", "snapshot_idx": 1, "exchange": "mexc", "coin": "USDC", "market": "USDC/USDT", "trade_count": 50, "price_min": 1.00112, "price_max": 1.00113, "price_mean": 1.001125, "total_volume": 10026.58, "buy_count": 21, "sell_count": 29, "buy_volume": 8845.15, "sell_volume": 1181.43, "buy_sell_ratio": 7.4868, "time_span_sec": 26.0, "trades_raw": [{"ts": 1780425818000, "price": 1.00112, "amount": 24.2, "side": "sell"}, {"ts": 1780425819000, "price": 1.00112, "amount": 1.19, "side": "sell"}, {"ts": 1780425820000, "price": 1.00113, "amount": 3.26, "side": "buy"}, {"ts": 1780425820000, "price": 1.00112, "amount": 9.79, "side": "sell"}, {"ts": 1780425821000, "price": 1.00113, "amount": 581.03, "side": "buy"}, {"ts": 1780425821000, "price": 1.00112, "amount": 13.06, "side": "sell"}, {"ts": 1780425821000, "price": 1.00113, "amount": 2.88, "side": "sell"}, {"ts": 1780425823000, "price": 1.00113, "amount": 28.84, "side": "sell"}, {"ts": 1780425824000, "price": 1.00112, "amount": 107.06, "side": "buy"}, {"ts": 1780425824000, "price": 1.00113, "amount": 347.1, "side": "buy"}, {"ts": 1780425824000, "price": 1.00112, "amount": 151.15, "side": "sell"}, {"ts": 1780425825000, "price": 1.00113, "amount": 4998.14, "side": "buy"}, {"ts": 1780425825000, "price": 1.00112, "amount": 4.74, "side": "sell"}, {"ts": 1780425826000, "price": 1.00113, "amount": 1500.07, "side": "buy"}, {"ts": 1780425826000, "price": 1.00112, "amount": 5.91, "side": "buy"}, {"ts": 1780425826000, "price": 1.00112, "amount": 5.15, "side": "sell"}, {"ts": 1780425827000, "price": 1.00113, "amount": 35.16, "side": "buy"}, {"ts": 1780425827000, "price": 1.00113, "amount": 163.7, "side": "sell"}, {"ts": 1780425827000, "price": 1.00112, "amount": 4.34, "side": "sell"}, {"ts": 1780425828000, "price": 1.00112, "amount": 13.0, "side": "sell"}]}
{"type": "trades", "ts": "2026-06-02T18:43:45.576372+00:00", "snapshot_idx": 1, "exchange": "htx", "coin": "USDC", "market": "USDC/USDT", "trade_count": 50, "price_min": 1.0009, "price_max": 1.0009, "price_mean": 1.0009, "total_volume": 97816.6279, "buy_count": 29, "sell_count": 21, "buy_volume": 52802.561, "sell_volume": 45014.0669, "buy_sell_ratio": 1.173, "time_span_sec": 170.03, "trades_raw": [{"ts": 1780425757290, "price": 1.0009, "amount": 3232.7934, "side": "sell"}, {"ts": 1780425762080, "price": 1.0009, "amount": 3384.0582, "side": "sell"}, {"ts": 1780425763769, "price": 1.0009, "amount": 1338.325, "side": "buy"}, {"ts": 1780425775590, "price": 1.0009, "amount": 2317.1289, "side": "buy"}, {"ts": 1780425784580, "price": 1.0009, "amount": 592.4671, "side": "buy"}, {"ts": 1780425789722, "price": 1.0009, "amount": 1960.9586, "side": "sell"}, {"ts": 1780425790790, "price": 1.0009, "amount": 1872.9777, "side": "buy"}, {"ts": 1780425792690, "price": 1.0009, "amount": 1697.4343, "side": "buy"}, {"ts": 1780425793991, "price": 1.0009, "amount": 2094.8942, "side": "sell"}, {"ts": 1780425796090, "price": 1.0009, "amount": 1459.7863, "side": "buy"}, {"ts": 1780425798188, "price": 1.0009, "amount": 699.7549, "side": "buy"}, {"ts": 1780425806470, "price": 1.0009, "amount": 3368.9134, "side": "buy"}, {"ts": 1780425810150, "price": 1.0009, "amount": 1899.5389, "side": "buy"}, {"ts": 1780425812746, "price": 1.0009, "amount": 1422.3307, "side": "buy"}, {"ts": 1780425816610, "price": 1.0009, "amount": 1892.1037, "side": "sell"}, {"ts": 1780425819431, "price": 1.0009, "amount": 2166.0308, "side": "buy"}, {"ts": 1780425819880, "price": 1.0009, "amount": 2817.2024, "side": "sell"}, {"ts": 1780425822430, "price": 1.0009, "amount": 2767.8386, "side": "buy"}, {"ts": 1780425828509, "price": 1.0009, "amount": 1992.6688, "side": "sell"}, {"ts": 1780425829201, "price": 1.0009, "amount": 1650.588, "side": "sell"}]}
{"type": "trades", "ts": "2026-06-02T18:43:45.576372+00:00", "snapshot_idx": 1, "exchange": "coinbase", "coin": "USDC", "market": "USDC/USD", "error": "coinbase does not have market symbol USDC/USD"}
{"type": "trades", "ts": "2026-06-02T18:43:45.576372+00:00", "snapshot_idx": 1, "exchange": "phemex", "coin": "USDC", "market": "USDC/USDT", "trade_count": 50, "price_min": 100080000.0, "price_max": 100130000.0, "price_mean": 100109000.0, "total_volume": 53829748000000.0, "buy_count": 19, "sell_count": 31, "buy_volume": 19299411000000.0, "sell_volume": 34530337000000.0, "buy_sell_ratio": 0.5589, "time_span_sec": 292.58, "trades_raw": [{"ts": 1780425704180, "price": 100130000.0, "amount": 231980000000.0, "side": "buy"}, {"ts": 1780425714422, "price": 100100000.0, "amount": 332880000000.0, "side": "sell"}, {"ts": 1780425716429, "price": 100100000.0, "amount": 89982000000.0, "side": "sell"}, {"ts": 1780425728350, "price": 100100000.0, "amount": 515000000000.0, "side": "sell"}, {"ts": 1780425730968, "price": 100100000.0, "amount": 454900000000.0, "side": "sell"}, {"ts": 1780425740960, "price": 100130000.0, "amount": 812493000000.0, "side": "buy"}, {"ts": 1780425740960, "price": 100130000.0, "amount": 375007000000.0, "side": "buy"}, {"ts": 1780425752334, "price": 100130000.0, "amount": 837000000000.0, "side": "buy"}, {"ts": 1780425752334, "price": 100130000.0, "amount": 525000000000.0, "side": "buy"}, {"ts": 1780425752334, "price": 100130000.0, "amount": 38000000000.0, "side": "buy"}, {"ts": 1780425765410, "price": 100100000.0, "amount": 885900000000.0, "side": "sell"}, {"ts": 1780425778746, "price": 100100000.0, "amount": 248750000000.0, "side": "sell"}, {"ts": 1780425783630, "price": 100100000.0, "amount": 118000000000.0, "side": "sell"}, {"ts": 1780425795013, "price": 100130000.0, "amount": 469130000000.0, "side": "buy"}, {"ts": 1780425796135, "price": 100130000.0, "amount": 206125000000.0, "side": "buy"}, {"ts": 1780425809739, "price": 100100000.0, "amount": 520000000000.0, "side": "sell"}, {"ts": 1780425811783, "price": 100130000.0, "amount": 15700000000.0, "side": "buy"}, {"ts": 1780425820128, "price": 100130000.0, "amount": 177000000000.0, "side": "buy"}, {"ts": 1780425824893, "price": 100100000.0, "amount": 200000000000.0, "side": "sell"}, {"ts": 1780425831351, "price": 100100000.0, "amount": 122300000000.0, "side": "sell"}]}
{"type": "trades", "ts": "2026-06-02T18:43:45.576372+00:00", "snapshot_idx": 1, "exchange": "binance", "coin": "DAI", "market": "DAI/USDT", "trade_count": 1, "price_min": 1.0189, "price_max": 1.0189, "price_mean": 1.0189, "total_volume": 167.0, "buy_count": 1, "sell_count": 0, "buy_volume": 167.0, "sell_volume": 0, "buy_sell_ratio": null, "time_span_sec": 0.0, "trades_raw": [{"ts": 1597204784937, "price": 1.0189, "amount": 167.0, "side": "buy"}]}
{"type": "trades", "ts": "2026-06-02T18:43:45.576372+00:00", "snapshot_idx": 1, "exchange": "kraken", "coin": "DAI", "market": "DAI/USD", "trade_count": 50, "price_min": 0.999, "price_max": 1.0049, "price_mean": 1.0006712, "total_volume": 8663.12595819, "buy_count": 22, "sell_count": 28, "buy_volume": 6143.3367, "sell_volume": 2519.7893, "buy_sell_ratio": 2.438, "time_span_sec": 15919.76, "trades_raw": [{"ts": 1780410144671, "price": 0.99949, "amount": 8.11458864, "side": "sell"}, {"ts": 1780412799961, "price": 0.99947, "amount": 111.00033388, "side": "sell"}, {"ts": 1780413428897, "price": 0.99941, "amount": 28.85767703, "side": "sell"}, {"ts": 1780414074988, "price": 0.99945, "amount": 621.19903838, "side": "buy"}, {"ts": 1780414620124, "price": 0.99947, "amount": 967.044432, "side": "sell"}, {"ts": 1780414802378, "price": 0.99944, "amount": 6.60365598, "side": "sell"}, {"ts": 1780415144247, "price": 0.99932, "amount": 32.1851793, "side": "buy"}, {"ts": 1780417589953, "price": 0.99931, "amount": 36.07020124, "side": "sell"}, {"ts": 1780417589953, "price": 0.99931, "amount": 46.05402876, "side": "sell"}, {"ts": 1780418471106, "price": 0.99931, "amount": 8.66939016, "side": "sell"}, {"ts": 1780419285908, "price": 0.99931, "amount": 22.43277556, "side": "buy"}, {"ts": 1780419285908, "price": 0.99932, "amount": 25.0097538, "side": "buy"}, {"ts": 1780419285908, "price": 0.99933, "amount": 14.15007774, "side": "buy"}, {"ts": 1780419285908, "price": 0.99949, "amount": 25.01538446, "side": "buy"}, {"ts": 1780419285908, "price": 0.99964, "amount": 81.37171312, "side": "buy"}, {"ts": 1780419285908, "price": 0.99965, "amount": 3839.68278532, "side": "buy"}, {"ts": 1780420887010, "price": 0.99965, "amount": 92.89060984, "side": "sell"}, {"ts": 1780421687588, "price": 0.99969, "amount": 75.29, "side": "buy"}, {"ts": 1780422002298, "price": 0.99958, "amount": 41.949677, "side": "sell"}, {"ts": 1780424664290, "price": 0.99966, "amount": 12.22495449, "side": "sell"}]}
{"type": "trades", "ts": "2026-06-02T18:43:45.576372+00:00", "snapshot_idx": 1, "exchange": "kucoin", "coin": "DAI", "market": "USDT/DAI", "error": "kucoin does not have market symbol USDT/DAI"}
{"type": "trades", "ts": "2026-06-02T18:43:45.576372+00:00", "snapshot_idx": 1, "exchange": "bybit", "coin": "DAI", "market": "DAI/USDT", "error": "bybit does not have market symbol DAI/USDT"}
{"type": "trades", "ts": "2026-06-02T18:43:45.576372+00:00", "snapshot_idx": 1, "exchange": "okx", "coin": "DAI", "market": "DAI/USDT", "error": "okx does not have market symbol DAI/USDT"}
{"type": "trades", "ts": "2026-06-02T18:43:45.576372+00:00", "snapshot_idx": 1, "exchange": "gateio", "coin": "DAI", "market": "DAI/USDT", "error": "gateio does not have market symbol DAI/USDT"}
{"type": "trades", "ts": "2026-06-02T18:43:45.576372+00:00", "snapshot_idx": 1, "exchange": "mexc", "coin": "DAI", "market": "DAI/USDT", "error": "mexc does not have market symbol DAI/USDT"}
{"type": "trades", "ts": "2026-06-02T18:43:45.576372+00:00", "snapshot_idx": 1, "exchange": "htx", "coin": "DAI", "market": "DAI/USDT", "error": "htx {\"ts\":1780425832996,\"status\":\"error\",\"err-code\":\"invalid-parameter\",\"err-msg\":\"invalid symbol\"}"}
{"type": "trades", "ts": "2026-06-02T18:43:45.576372+00:00", "snapshot_idx": 1, "exchange": "binance", "coin": "TUSD", "market": "TUSD/USDT", "trade_count": 50, "price_min": 0.9997, "price_max": 0.9999, "price_mean": 0.999772, "total_volume": 76260.0, "buy_count": 14, "sell_count": 36, "buy_volume": 970.0, "sell_volume": 75290.0, "buy_sell_ratio": 0.0129, "time_span_sec": 11983.64, "trades_raw": [{"ts": 1780416719462, "price": 0.9998, "amount": 7.0, "side": "buy"}, {"ts": 1780416772313, "price": 0.9997, "amount": 6.0, "side": "sell"}, {"ts": 1780416979779, "price": 0.9997, "amount": 20.0, "side": "sell"}, {"ts": 1780417409303, "price": 0.9997, "amount": 523.0, "side": "sell"}, {"ts": 1780417409318, "price": 0.9997, "amount": 157.0, "side": "sell"}, {"ts": 1780417409331, "price": 0.9997, "amount": 40.0, "side": "sell"}, {"ts": 1780417409354, "price": 0.9997, "amount": 19.0, "side": "sell"}, {"ts": 1780420095805, "price": 0.9997, "amount": 20.0, "side": "sell"}, {"ts": 1780420281663, "price": 0.9997, "amount": 135.0, "side": "sell"}, {"ts": 1780421555144, "price": 0.9997, "amount": 400.0, "side": "sell"}, {"ts": 1780421610124, "price": 0.9998, "amount": 15.0, "side": "buy"}, {"ts": 1780422107364, "price": 0.9997, "amount": 6.0, "side": "sell"}, {"ts": 1780423134818, "price": 0.9998, "amount": 89.0, "side": "buy"}, {"ts": 1780423421703, "price": 0.9998, "amount": 118.0, "side": "buy"}, {"ts": 1780423486014, "price": 0.9998, "amount": 8.0, "side": "buy"}, {"ts": 1780423554064, "price": 0.9997, "amount": 11.0, "side": "sell"}, {"ts": 1780424989863, "price": 0.9997, "amount": 9.0, "side": "sell"}, {"ts": 1780425376218, "price": 0.9998, "amount": 100.0, "side": "buy"}, {"ts": 1780425519946, "price": 0.9997, "amount": 11.0, "side": "sell"}, {"ts": 1780425599964, "price": 0.9998, "amount": 50.0, "side": "buy"}]}
{"type": "trades", "ts": "2026-06-02T18:43:45.576372+00:00", "snapshot_idx": 1, "exchange": "binance", "coin": "FDUSD", "market": "FDUSD/USDT", "trade_count": 50, "price_min": 0.9988, "price_max": 0.9989, "price_mean": 0.998832, "total_volume": 11617.0, "buy_count": 16, "sell_count": 34, "buy_volume": 3847.0, "sell_volume": 7770.0, "buy_sell_ratio": 0.4951, "time_span_sec": 180.06, "trades_raw": [{"ts": 1780425771582, "price": 0.9989, "amount": 41.0, "side": "buy"}, {"ts": 1780425771582, "price": 0.9989, "amount": 41.0, "side": "buy"}, {"ts": 1780425771582, "price": 0.9989, "amount": 41.0, "side": "buy"}, {"ts": 1780425771588, "price": 0.9989, "amount": 121.0, "side": "buy"}, {"ts": 1780425772443, "price": 0.9988, "amount": 118.0, "side": "sell"}, {"ts": 1780425773412, "price": 0.9988, "amount": 6.0, "side": "sell"}, {"ts": 1780425777567, "price": 0.9988, "amount": 11.0, "side": "sell"}, {"ts": 1780425780023, "price": 0.9988, "amount": 111.0, "side": "sell"}, {"ts": 1780425782150, "price": 0.9988, "amount": 13.0, "side": "sell"}, {"ts": 1780425787569, "price": 0.9988, "amount": 10.0, "side": "sell"}, {"ts": 1780425791813, "price": 0.9988, "amount": 50.0, "side": "sell"}, {"ts": 1780425791849, "price": 0.9989, "amount": 144.0, "side": "buy"}, {"ts": 1780425791853, "price": 0.9988, "amount": 144.0, "side": "sell"}, {"ts": 1780425801569, "price": 0.9988, "amount": 6.0, "side": "sell"}, {"ts": 1780425802611, "price": 0.9988, "amount": 10.0, "side": "sell"}, {"ts": 1780425806168, "price": 0.9989, "amount": 1345.0, "side": "buy"}, {"ts": 1780425816312, "price": 0.9988, "amount": 10.0, "side": "sell"}, {"ts": 1780425823277, "price": 0.9989, "amount": 36.0, "side": "buy"}, {"ts": 1780425823299, "price": 0.9988, "amount": 36.0, "side": "sell"}, {"ts": 1780425824286, "price": 0.9988, "amount": 2002.0, "side": "sell"}]}
{"type": "trades", "ts": "2026-06-02T18:43:45.576372+00:00", "snapshot_idx": 1, "exchange": "binance", "coin": "BUSD", "market": "BUSD/USDT", "trade_count": 50, "price_min": 1.0003, "price_max": 1.0004, "price_mean": 1.000346, "total_volume": 10087.0, "buy_count": 23, "sell_count": 27, "buy_volume": 518.0, "sell_volume": 9569.0, "buy_sell_ratio": 0.0541, "time_span_sec": 102.13, "trades_raw": [{"ts": 1702616370513, "price": 1.0004, "amount": 19.0, "side": "buy"}, {"ts": 1702616372407, "price": 1.0003, "amount": 19.0, "side": "sell"}, {"ts": 1702616374490, "price": 1.0004, "amount": 19.0, "side": "buy"}, {"ts": 1702616376369, "price": 1.0003, "amount": 19.0, "side": "sell"}, {"ts": 1702616378761, "price": 1.0004, "amount": 19.0, "side": "buy"}, {"ts": 1702616380549, "price": 1.0003, "amount": 14.0, "side": "sell"}, {"ts": 1702616380641, "price": 1.0003, "amount": 19.0, "side": "sell"}, {"ts": 1702616380702, "price": 1.0003, "amount": 523.0, "side": "sell"}, {"ts": 1702616382964, "price": 1.0004, "amount": 19.0, "side": "buy"}, {"ts": 1702616384734, "price": 1.0003, "amount": 19.0, "side": "sell"}, {"ts": 1702616387187, "price": 1.0004, "amount": 19.0, "side": "buy"}, {"ts": 1702616388975, "price": 1.0003, "amount": 19.0, "side": "sell"}, {"ts": 1702616390766, "price": 1.0004, "amount": 19.0, "side": "buy"}, {"ts": 1702616392660, "price": 1.0003, "amount": 19.0, "side": "sell"}, {"ts": 1702616394380, "price": 1.0004, "amount": 19.0, "side": "buy"}, {"ts": 1702616396091, "price": 1.0004, "amount": 100.0, "side": "buy"}, {"ts": 1702616396126, "price": 1.0003, "amount": 19.0, "side": "sell"}, {"ts": 1702616397700, "price": 1.0004, "amount": 19.0, "side": "buy"}, {"ts": 1702616398227, "price": 1.0003, "amount": 100.0, "side": "sell"}, {"ts": 1702616399832, "price": 1.0003, "amount": 19.0, "side": "sell"}]}
{"type": "trades", "ts": "2026-06-02T18:43:45.576372+00:00", "snapshot_idx": 1, "exchange": "kraken", "coin": "BUSD", "market": "BUSD/USD", "error": "kraken does not have market symbol BUSD/USD"}
{"type": "trades", "ts": "2026-06-02T18:43:45.576372+00:00", "snapshot_idx": 1, "exchange": "binance", "coin": "USDP", "market": "USDP/USDT", "trade_count": 50, "price_min": 1.0006, "price_max": 1.0007, "price_mean": 1.000602, "total_volume": 441.0, "buy_count": 1, "sell_count": 49, "buy_volume": 23.0, "sell_volume": 418.0, "buy_sell_ratio": 0.055, "time_span_sec": 6408.93, "trades_raw": [{"ts": 1780420098597, "price": 1.0006, "amount": 7.0, "side": "sell"}, {"ts": 1780420158597, "price": 1.0006, "amount": 6.0, "side": "sell"}, {"ts": 1780420218603, "price": 1.0006, "amount": 7.0, "side": "sell"}, {"ts": 1780420278603, "price": 1.0006, "amount": 8.0, "side": "sell"}, {"ts": 1780420338622, "price": 1.0006, "amount": 7.0, "side": "sell"}, {"ts": 1780420398610, "price": 1.0006, "amount": 7.0, "side": "sell"}, {"ts": 1780420458611, "price": 1.0006, "amount": 8.0, "side": "sell"}, {"ts": 1780420518603, "price": 1.0006, "amount": 7.0, "side": "sell"}, {"ts": 1780420578602, "price": 1.0006, "amount": 7.0, "side": "sell"}, {"ts": 1780420638602, "price": 1.0006, "amount": 8.0, "side": "sell"}, {"ts": 1780420698602, "price": 1.0006, "amount": 7.0, "side": "sell"}, {"ts": 1780420758619, "price": 1.0006, "amount": 6.0, "side": "sell"}, {"ts": 1780420818601, "price": 1.0006, "amount": 7.0, "side": "sell"}, {"ts": 1780420878605, "price": 1.0006, "amount": 6.0, "side": "sell"}, {"ts": 1780420938611, "price": 1.0006, "amount": 8.0, "side": "sell"}, {"ts": 1780420998604, "price": 1.0006, "amount": 7.0, "side": "sell"}, {"ts": 1780421058604, "price": 1.0006, "amount": 10.0, "side": "sell"}, {"ts": 1780423253038, "price": 1.0007, "amount": 23.0, "side": "buy"}, {"ts": 1780424455914, "price": 1.0006, "amount": 6.0, "side": "sell"}, {"ts": 1780424467525, "price": 1.0006, "amount": 40.0, "side": "sell"}]}
{"type": "trades", "ts": "2026-06-02T18:43:45.576372+00:00", "snapshot_idx": 1, "exchange": "binance", "coin": "GUSD", "market": "GUSD/USDT", "error": "binance does not have market symbol GUSD/USDT"}
